-- 현재 일시를 위한 변수 (PostgreSQL)
DO $$
DECLARE
  current_timestamp TIMESTAMP := NOW();
BEGIN

-- reports 테이블 데이터 (20개의 리포트 생성)
INSERT INTO reports (id, name, description, last_updated, data_reference, created_date, updated_date)
VALUES
(1, '월간 매출 리포트', '월별 매출 및 비용 분석 리포트입니다.', '2024-03-01 12:00:00', 'sales_monthly_2024', current_timestamp, current_timestamp),
(2, '고객 세그먼트 분석', '고객 세그먼트별 사용 패턴 분석 리포트입니다.', '2024-03-05 09:30:00', 'customer_segment_2024', current_timestamp, current_timestamp),
(3, '상품 성과 리포트', '상품별 성과 지표 및 성장률 분석 리포트입니다.', '2024-03-10 15:45:00', 'product_performance_2024', current_timestamp, current_timestamp),
(4, '지역별 판매 현황', '지역별 판매량 및 매출 현황 분석 리포트입니다.', '2024-03-12 11:20:00', 'regional_sales_2024', current_timestamp, current_timestamp),
(5, '고객 충성도 분석', '고객 충성도 및 재구매율 분석 리포트입니다.', '2024-03-14 14:30:00', 'customer_loyalty_2024', current_timestamp, current_timestamp),
(6, '마케팅 캠페인 효과 분석', '마케팅 캠페인별 ROI 및 전환율 분석 리포트입니다.', '2024-03-15 10:15:00', 'marketing_campaign_2024', current_timestamp, current_timestamp),
(7, '채널별 판매 분석', '판매 채널별 실적 및 효율성 분석 리포트입니다.', '2024-03-18 16:45:00', 'channel_sales_2024', current_timestamp, current_timestamp),
(8, '재고 현황 리포트', '제품별 재고 수준 및 회전율 분석 리포트입니다.', '2024-03-20 13:25:00', 'inventory_status_2024', current_timestamp, current_timestamp),
(9, '가격 민감도 분석', '제품별 가격 변동에 따른 판매량 분석 리포트입니다.', '2024-02-25 09:50:00', 'price_sensitivity_2024', current_timestamp, current_timestamp),
(10, '계절별 트렌드 분석', '계절별 판매 트렌드 및 패턴 분석 리포트입니다.', '2024-02-28 14:40:00', 'seasonal_trends_2024', current_timestamp, current_timestamp),
(11, '경쟁사 비교 분석', '주요 경쟁사와의 시장 점유율 및 가격 비교 분석 리포트입니다.', '2024-02-22 11:30:00', 'competitor_analysis_2024', current_timestamp, current_timestamp),
(12, '고객 이탈 분석', '고객 이탈 원인 및 방지 전략 분석 리포트입니다.', '2024-02-15 15:20:00', 'customer_churn_2024', current_timestamp, current_timestamp),
(13, '신규 고객 획득 분석', '신규 고객 획득 채널 및 비용 효율성 분석 리포트입니다.', '2024-02-10 10:10:00', 'customer_acquisition_2024', current_timestamp, current_timestamp),
(14, '제품 카테고리 성과 분석', '제품 카테고리별 판매 성과 및 수익성 분석 리포트입니다.', '2024-02-05 14:50:00', 'category_performance_2024', current_timestamp, current_timestamp),
(15, '온라인 트래픽 분석', '웹사이트 트래픽 소스 및 전환율 분석 리포트입니다.', '2024-01-30 09:20:00', 'online_traffic_2024', current_timestamp, current_timestamp),
(16, '소셜미디어 성과 분석', '소셜미디어 채널별 참여도 및 전환율 분석 리포트입니다.', '2024-01-25 16:15:00', 'social_media_performance_2024', current_timestamp, current_timestamp),
(17, '모바일 앱 사용 분석', '모바일 앱 사용자 행동 및 전환율 분석 리포트입니다.', '2024-01-20 12:30:00', 'mobile_app_usage_2024', current_timestamp, current_timestamp),
(18, '고객 생애 가치 분석', '고객 생애 가치 및 수익성 분석 리포트입니다.', '2024-01-15 11:45:00', 'customer_lifetime_value_2024', current_timestamp, current_timestamp),
(19, '신제품 출시 성과 분석', '신제품 출시 후 판매 성과 및 고객 반응 분석 리포트입니다.', '2024-01-10 14:20:00', 'new_product_launch_2024', current_timestamp, current_timestamp),
(20, '고객 만족도 분석', '고객 만족도 조사 결과 및 개선점 분석 리포트입니다.', '2024-01-05 10:35:00', 'customer_satisfaction_2024', current_timestamp, current_timestamp);

-- report_data 테이블 데이터 - 리포트 1: 월간 매출 리포트
INSERT INTO report_data (report_id, headers, data, created_date, updated_date)
VALUES
(1, 
'["월", "지역", "매출", "비용", "이익", "이익률", "전월대비"]',
'[
  {"월": "2024-01", "지역": "서울", "매출": 126500000, "비용": 65000000, "이익": 61500000, "이익률": 48.6, "전월대비": 0},
  {"월": "2024-01", "지역": "부산", "매출": 78350000, "비용": 42150000, "이익": 36200000, "이익률": 46.2, "전월대비": 0},
  {"월": "2024-01", "지역": "대구", "매출": 45720000, "비용": 22860000, "이익": 22860000, "이익률": 50.0, "전월대비": 0},
  {"월": "2024-01", "지역": "인천", "매출": 52480000, "비용": 26950000, "이익": 25530000, "이익률": 48.6, "전월대비": 0},
  {"월": "2024-01", "지역": "광주", "매출": 27890000, "비용": 14640000, "이익": 13250000, "이익률": 47.5, "전월대비": 0},
  {"월": "2024-01", "지역": "대전", "매출": 33720000, "비용": 17880000, "이익": 15840000, "이익률": 47.0, "전월대비": 0},
  {"월": "2024-01", "지역": "울산", "매출": 29650000, "비용": 15380000, "이익": 14270000, "이익률": 48.1, "전월대비": 0},
  {"월": "2024-01", "지역": "경기", "매출": 95280000, "비용": 49020000, "이익": 46260000, "이익률": 48.6, "전월대비": 0},
  {"월": "2024-01", "지역": "강원", "매출": 18520000, "비용": 9630000, "이익": 8890000, "이익률": 48.0, "전월대비": 0},
  {"월": "2024-01", "지역": "충북", "매출": 22390000, "비용": 11640000, "이익": 10750000, "이익률": 48.0, "전월대비": 0},
  {"월": "2024-01", "지역": "충남", "매출": 24950000, "비용": 12970000, "이익": 11980000, "이익률": 48.0, "전월대비": 0},
  {"월": "2024-01", "지역": "전북", "매출": 21780000, "비용": 11970000, "이익": 9810000, "이익률": 45.0, "전월대비": 0},
  {"월": "2024-01", "지역": "전남", "매출": 20620000, "비용": 10540000, "이익": 10080000, "이익률": 48.9, "전월대비": 0},
  {"월": "2024-01", "지역": "경북", "매출": 35280000, "비용": 18470000, "이익": 16810000, "이익률": 47.6, "전월대비": 0},
  {"월": "2024-01", "지역": "경남", "매출": 39520000, "비용": 20350000, "이익": 19170000, "이익률": 48.5, "전월대비": 0},
  {"월": "2024-01", "지역": "제주", "매출": 17820000, "비용": 9350000, "이익": 8470000, "이익률": 47.5, "전월대비": 0},
  {"월": "2024-02", "지역": "서울", "매출": 132550000, "비용": 67600000, "이익": 64950000, "이익률": 49.0, "전월대비": 5.6},
  {"월": "2024-02", "지역": "부산", "매출": 83520000, "비용": 44620000, "이익": 38900000, "이익률": 46.6, "전월대비": 7.5},
  {"월": "2024-02", "지역": "대구", "매출": 47980000, "비용": 23749000, "이익": 24231000, "이익률": 50.5, "전월대비": 6.0},
  {"월": "2024-02", "지역": "인천", "매출": 56970000, "비용": 29220000, "이익": 27750000, "이익률": 48.7, "전월대비": 8.7},
  {"월": "2024-02", "지역": "광주", "매출": 30120000, "비용": 15660000, "이익": 14460000, "이익률": 48.0, "전월대비": 9.1},
  {"월": "2024-02", "지역": "대전", "매출": 35680000, "비용": 18550000, "이익": 17130000, "이익률": 48.0, "전월대비": 8.1},
  {"월": "2024-02", "지역": "울산", "매출": 31280000, "비용": 16110000, "이익": 15170000, "이익률": 48.5, "전월대비": 6.3},
  {"월": "2024-02", "지역": "경기", "매출": 98750000, "비용": 50360000, "이익": 48390000, "이익률": 49.0, "전월대비": 4.6},
  {"월": "2024-02", "지역": "강원", "매출": 19240000, "비용": 9910000, "이익": 9330000, "이익률": 48.5, "전월대비": 5.0},
  {"월": "2024-02", "지역": "충북", "매출": 23560000, "비용": 12010000, "이익": 11550000, "이익률": 49.0, "전월대비": 7.4},
  {"월": "2024-02", "지역": "충남", "매출": 26570000, "비용": 13550000, "이익": 13020000, "이익률": 49.0, "전월대비": 8.7},
  {"월": "2024-02", "지역": "전북", "매출": 23420000, "비용": 12760000, "이익": 10660000, "이익률": 45.5, "전월대비": 8.7},
  {"월": "2024-02", "지역": "전남", "매출": 21750000, "비용": 11090000, "이익": 10660000, "이익률": 49.0, "전월대비": 5.8},
  {"월": "2024-02", "지역": "경북", "매출": 37150000, "비용": 19150000, "이익": 18000000, "이익률": 48.5, "전월대비": 7.1},
  {"월": "2024-02", "지역": "경남", "매출": 41420000, "비용": 21330000, "이익": 20090000, "이익률": 48.5, "전월대비": 4.8},
  {"월": "2024-02", "지역": "제주", "매출": 18940000, "비용": 9750000, "이익": 9190000, "이익률": 48.5, "전월대비": 8.5},
  {"월": "2024-03", "지역": "서울", "매출": 138250000, "비용": 69840000, "이익": 68410000, "이익률": 49.5, "전월대비": 5.3},
  {"월": "2024-03", "지역": "부산", "매출": 87860000, "비용": 46470000, "이익": 41390000, "이익률": 47.1, "전월대비": 6.4},
  {"월": "2024-03", "지역": "대구", "매출": 50670000, "비용": 24830000, "이익": 25840000, "이익률": 51.0, "전월대비": 6.6},
  {"월": "2024-03", "지역": "인천", "매출": 61290000, "비용": 31260000, "이익": 30030000, "이익률": 49.0, "전월대비": 8.2},
  {"월": "2024-03", "지역": "광주", "매출": 32830000, "비용": 16910000, "이익": 15920000, "이익률": 48.5, "전월대비": 10.1},
  {"월": "2024-03", "지역": "대전", "매출": 38210000, "비용": 19680000, "이익": 18530000, "이익률": 48.5, "전월대비": 8.2},
  {"월": "2024-03", "지역": "울산", "매출": 33590000, "비용": 17130000, "이익": 16460000, "이익률": 49.0, "전월대비": 8.5},
  {"월": "2024-03", "지역": "경기", "매출": 103930000, "비용": 52510000, "이익": 51420000, "이익률": 49.5, "전월대비": 6.3},
  {"월": "2024-03", "지역": "강원", "매출": 20470000, "비용": 10440000, "이익": 10030000, "이익률": 49.0, "전월대비": 7.5},
  {"월": "2024-03", "지역": "충북", "매출": 25140000, "비용": 12700000, "이익": 12440000, "이익률": 49.5, "전월대비": 7.7},
  {"월": "2024-03", "지역": "충남", "매출": 28370000, "비용": 14330000, "이익": 14040000, "이익률": 49.5, "전월대비": 7.8},
  {"월": "2024-03", "지역": "전북", "매출": 25050000, "비용": 13520000, "이익": 11530000, "이익률": 46.0, "전월대비": 8.2},
  {"월": "2024-03", "지역": "전남", "매출": 23180000, "비용": 11710000, "이익": 11470000, "이익률": 49.5, "전월대비": 7.6},
  {"월": "2024-03", "지역": "경북", "매출": 39530000, "비용": 20160000, "이익": 19370000, "이익률": 49.0, "전월대비": 7.6},
  {"월": "2024-03", "지역": "경남", "매출": 43860000, "비용": 22370000, "이익": 21490000, "이익률": 49.0, "전월대비": 7.0},
  {"월": "2024-03", "지역": "제주", "매출": 20570000, "비용": 10390000, "이익": 10180000, "이익률": 49.5, "전월대비": 10.8},
  {"월": "2024-04", "지역": "서울", "매출": 144780000, "비용": 72390000, "이익": 72390000, "이익률": 50.0, "전월대비": 5.8},
  {"월": "2024-04", "지역": "부산", "매출": 92340000, "비용": 48020000, "이익": 44320000, "이익률": 48.0, "전월대비": 7.1},
  {"월": "2024-04", "지역": "대구", "매출": 53710000, "비용": 26050000, "이익": 27660000, "이익률": 51.5, "전월대비": 7.0},
  {"월": "2024-04", "지역": "인천", "매출": 65690000, "비용": 33170000, "이익": 32520000, "이익률": 49.5, "전월대비": 8.3},
  {"월": "2024-04", "지역": "광주", "매출": 35780000, "비용": 18250000, "이익": 17530000, "이익률": 49.0, "전월대비": 10.1},
  {"월": "2024-04", "지역": "대전", "매출": 41070000, "비용": 20950000, "이익": 20120000, "이익률": 49.0, "전월대비": 8.6},
  {"월": "2024-04", "지역": "울산", "매출": 36240000, "비용": 18300000, "이익": 17940000, "이익률": 49.5, "전월대비": 9.0},
  {"월": "2024-04", "지역": "경기", "매출": 109640000, "비용": 54820000, "이익": 54820000, "이익률": 50.0, "전월대비": 6.6},
  {"월": "2024-04", "지역": "강원", "매출": 21900000, "비용": 11040000, "이익": 10860000, "이익률": 49.6, "전월대비": 8.3},
  {"월": "2024-04", "지역": "충북", "매출": 26950000, "비용": 13480000, "이익": 13470000, "이익률": 50.0, "전월대비": 8.3},
  {"월": "2024-04", "지역": "충남", "매출": 30460000, "비용": 15230000, "이익": 15230000, "이익률": 50.0, "전월대비": 8.5},
  {"월": "2024-04", "지역": "전북", "매출": 26950000, "비용": 14420000, "이익": 12530000, "이익률": 46.5, "전월대비": 8.7},
  {"월": "2024-04", "지역": "전남", "매출": 24870000, "비용": 12440000, "이익": 12430000, "이익률": 50.0, "전월대비": 8.4},
  {"월": "2024-04", "지역": "경북", "매출": 42300000, "비용": 21360000, "이익": 20940000, "이익률": 49.5, "전월대비": 8.1},
  {"월": "2024-04", "지역": "경남", "매출": 46710000, "비용": 23590000, "이익": 23120000, "이익률": 49.5, "전월대비": 7.6},
  {"월": "2024-04", "지역": "제주", "매출": 22350000, "비용": 11180000, "이익": 11170000, "이익률": 50.0, "전월대비": 9.7},
  {"월": "2024-05", "지역": "서울", "매출": 151580000, "비용": 75040000, "이익": 76540000, "이익률": 50.5, "전월대비": 5.7},
  {"월": "2024-05", "지역": "부산", "매출": 97420000, "비용": 50170000, "이익": 47250000, "이익률": 48.5, "전월대비": 6.6},
  {"월": "2024-05", "지역": "대구", "매출": 57050000, "비용": 27390000, "이익": 29660000, "이익률": 52.0, "전월대비": 7.2},
  {"월": "2024-05", "지역": "인천", "매출": 70290000, "비용": 35150000, "이익": 35140000, "이익률": 50.0, "전월대비": 8.1},
  {"월": "2024-05", "지역": "광주", "매출": 38640000, "비용": 19320000, "이익": 19320000, "이익률": 50.0, "전월대비": 10.2},
  {"월": "2024-05", "지역": "대전", "매출": 44200000, "비용": 22100000, "이익": 22100000, "이익률": 50.0, "전월대비": 9.8},
  {"월": "2024-05", "지역": "울산", "매출": 39140000, "비용": 19570000, "이익": 19570000, "이익률": 50.0, "전월대비": 9.1},
  {"월": "2024-05", "지역": "경기", "매출": 115670000, "비용": 57260000, "이익": 58410000, "이익률": 50.5, "전월대비": 6.5},
  {"월": "2024-05", "지역": "강원", "매출": 23550000, "비용": 11780000, "이익": 11770000, "이익률": 50.0, "전월대비": 8.4},
  {"월": "2024-05", "지역": "충북", "매출": 29110000, "비용": 14270000, "이익": 14840000, "이익률": 51.0, "전월대비": 10.2},
  {"월": "2024-05", "지역": "충남", "매출": 32590000, "비용": 16300000, "이익": 16290000, "이익률": 50.0, "전월대비": 7.0},
  {"월": "2024-05", "지역": "전북", "매출": 29100000, "비용": 15320000, "이익": 13780000, "이익률": 47.4, "전월대비": 9.9},
  {"월": "2024-05", "지역": "전남", "매출": 26740000, "비용": 13370000, "이익": 13370000, "이익률": 50.0, "전월대비": 7.6},
  {"월": "2024-05", "지역": "경북", "매출": 45620000, "비용": 22810000, "이익": 22810000, "이익률": 50.0, "전월대비": 8.9},
  {"월": "2024-05", "지역": "경남", "매출": 50000000, "비용": 25000000, "이익": 25000000, "이익률": 50.0, "전월대비": 8.1},
  {"월": "2024-05", "지역": "제주", "매출": 24360000, "비용": 12180000, "이익": 12180000, "이익률": 50.0, "전월대비": 9.0},
  {"월": "2024-06", "지역": "서울", "매출": 158920000, "비용": 77870000, "이익": 81050000, "이익률": 51.0, "전월대비": 5.9},
  {"월": "2024-06", "지역": "부산", "매출": 102390000, "비용": 52220000, "이익": 50170000, "이익률": 49.0, "전월대비": 6.2},
  {"월": "2024-06", "지역": "대구", "매출": 60830000, "비용": 28900000, "이익": 31930000, "이익률": 52.5, "전월대비": 7.7}
]',
current_timestamp, current_timestamp);

-- report_data 테이블 데이터 - 리포트 2: 고객 세그먼트 분석
INSERT INTO report_data (report_id, headers, data, created_date, updated_date)
VALUES
(2, 
'["세그먼트", "분기", "고객수", "평균구매액", "평균구매빈도", "평균객단가", "구매전환율", "이탈률"]',
'[
  {"세그먼트": "VIP", "분기": "2023-Q1", "고객수": 1250, "평균구매액": 980000, "평균구매빈도": 12.3, "평균객단가": 79675, "구매전환율": 85.2, "이탈률": 2.1},
  {"세그먼트": "VIP", "분기": "2023-Q2", "고객수": 1320, "평균구매액": 1050000, "평균구매빈도": 13.1, "평균객단가": 80153, "구매전환율": 86.5, "이탈률": 1.9},
  {"세그먼트": "VIP", "분기": "2023-Q3", "고객수": 1390, "평균구매액": 1120000, "평균구매빈도": 13.8, "평균객단가": 81159, "구매전환율": 87.8, "이탈률": 1.8},
  {"세그먼트": "VIP", "분기": "2023-Q4", "고객수": 1480, "평균구매액": 1250000, "평균구매빈도": 15.2, "평균객단가": 82237, "구매전환율": 89.4, "이탈률": 1.5},
  {"세그먼트": "VIP", "분기": "2024-Q1", "고객수": 1560, "평균구매액": 1320000, "평균구매빈도": 16.1, "평균객단가": 82000, "구매전환율": 90.2, "이탈률": 1.4},
  {"세그먼트": "골드", "분기": "2023-Q1", "고객수": 4850, "평균구매액": 520000, "평균구매빈도": 8.5, "평균객단가": 61176, "구매전환율": 75.3, "이탈률": 4.2},
  {"세그먼트": "골드", "분기": "2023-Q2", "고객수": 5120, "평균구매액": 540000, "평균구매빈도": 8.9, "평균객단가": 60674, "구매전환율": 76.8, "이탈률": 4.0},
  {"세그먼트": "골드", "분기": "2023-Q3", "고객수": 5380, "평균구매액": 560000, "평균구매빈도": 9.1, "평균객단가": 61538, "구매전환율": 77.5, "이탈률": 3.8},
  {"세그먼트": "골드", "분기": "2023-Q4", "고객수": 5680, "평균구매액": 595000, "평균구매빈도": 9.6, "평균객단가": 61979, "구매전환율": 78.9, "이탈률": 3.6},
  {"세그먼트": "골드", "분기": "2024-Q1", "고객수": 5950, "평균구매액": 630000, "평균구매빈도": 10.2, "평균객단가": 61765, "구매전환율": 79.8, "이탈률": 3.4},
  {"세그먼트": "실버", "분기": "2023-Q1", "고객수": 12350, "평균구매액": 280000, "평균구매빈도": 5.3, "평균객단가": 52830, "구매전환율": 65.2, "이탈률": 8.7},
  {"세그먼트": "실버", "분기": "2023-Q2", "고객수": 13250, "평균구매액": 290000, "평균구매빈도": 5.5, "평균객단가": 52727, "구매전환율": 66.4, "이탈률": 8.3},
  {"세그먼트": "실버", "분기": "2023-Q3", "고객수": 14150, "평균구매액": 305000, "평균구매빈도": 5.8, "평균객단가": 52586, "구매전환율": 67.8, "이탈률": 7.9},
  {"세그먼트": "실버", "분기": "2023-Q4", "고객수": 15230, "평균구매액": 320000, "평균구매빈도": 6.1, "평균객단가": 52459, "구매전환율": 69.1, "이탈률": 7.5},
  {"세그먼트": "실버", "분기": "2024-Q1", "고객수": 16150, "평균구매액": 335000, "평균구매빈도": 6.4, "평균객단가": 52344, "구매전환율": 70.5, "이탈률": 7.2},
  {"세그먼트": "브론즈", "분기": "2023-Q1", "고객수": 28750, "평균구매액": 120000, "평균구매빈도": 2.8, "평균객단가": 42857, "구매전환율": 48.3, "이탈률": 15.6},
  {"세그먼트": "브론즈", "분기": "2023-Q2", "고객수": 31250, "평균구매액": 125000, "평균구매빈도": 2.9, "평균객단가": 43103, "구매전환율": 49.5, "이탈률": 15.1},
  {"세그먼트": "브론즈", "분기": "2023-Q3", "고객수": 33780, "평균구매액": 130000, "평균구매빈도": 3.1, "평균객단가": 41935, "구매전환율": 50.8, "이탈률": 14.7},
  {"세그먼트": "브론즈", "분기": "2023-Q4", "고객수": 36290, "평균구매액": 135000, "평균구매빈도": 3.2, "평균객단가": 42188, "구매전환율": 52.1, "이탈률": 14.2},
  {"세그먼트": "브론즈", "분기": "2024-Q1", "고객수": 38850, "평균구매액": 140000, "평균구매빈도": 3.3, "평균객단가": 42424, "구매전환율": 53.5, "이탈률": 13.8},
  {"세그먼트": "신규", "분기": "2023-Q1", "고객수": 8650, "평균구매액": 75000, "평균구매빈도": 1.2, "평균객단가": 62500, "구매전환율": 28.5, "이탈률": 42.3},
  {"세그먼트": "신규", "분기": "2023-Q2", "고객수": 9220, "평균구매액": 78000, "평균구매빈도": 1.3, "평균객단가": 60000, "구매전환율": 29.7, "이탈률": 40.8},
  {"세그먼트": "신규", "분기": "2023-Q3", "고객수": 9860, "평균구매액": 82000, "평균구매빈도": 1.4, "평균객단가": 58571, "구매전환율": 30.9, "이탈률": 39.2},
  {"세그먼트": "신규", "분기": "2023-Q4", "고객수": 10550, "평균구매액": 86000, "평균구매빈도": 1.5, "평균객단가": 57333, "구매전환율": 32.2, "이탈률": 37.5},
  {"세그먼트": "신규", "분기": "2024-Q1", "고객수": 11280, "평균구매액": 90000, "평균구매빈도": 1.6, "평균객단가": 56250, "구매전환율": 33.7, "이탈률": 36.1}
]',
current_timestamp, current_timestamp);

-- report_data 테이블 데이터 - 리포트 3: 상품 성과 리포트
INSERT INTO report_data (report_id, headers, data, created_date, updated_date)
VALUES
(3, 
'["상품ID", "상품명", "카테고리", "분기", "판매량", "매출", "원가", "마진율", "재고회전율", "반품률", "고객만족도"]',
'[
  {"상품ID": "P001", "상품명": "스마트폰 A", "카테고리": "전자기기", "분기": "2023-Q1", "판매량": 12500, "매출": 12500000000, "원가": 8750000000, "마진율": 30.0, "재고회전율": 8.7, "반품률": 1.2, "고객만족도": 4.5},
  {"상품ID": "P001", "상품명": "스마트폰 A", "카테고리": "전자기기", "분기": "2023-Q2", "판매량": 11800, "매출": 11800000000, "원가": 8260000000, "마진율": 30.0, "재고회전율": 8.2, "반품률": 1.3, "고객만족도": 4.4},
  {"상품ID": "P001", "상품명": "스마트폰 A", "카테고리": "전자기기", "분기": "2023-Q3", "판매량": 11200, "매출": 11200000000, "원가": 7840000000, "마진율": 30.0, "재고회전율": 7.8, "반품률": 1.4, "고객만족도": 4.3},
  {"상품ID": "P001", "상품명": "스마트폰 A", "카테고리": "전자기기", "분기": "2023-Q4", "판매량": 10500, "매출": 10500000000, "원가": 7350000000, "마진율": 30.0, "재고회전율": 7.3, "반품률": 1.5, "고객만족도": 4.2},
  {"상품ID": "P001", "상품명": "스마트폰 A", "카테고리": "전자기기", "분기": "2024-Q1", "판매량": 9800, "매출": 9800000000, "원가": 6860000000, "마진율": 30.0, "재고회전율": 6.8, "반품률": 1.6, "고객만족도": 4.1},
  {"상품ID": "P002", "상품명": "스마트폰 B", "카테고리": "전자기기", "분기": "2023-Q1", "판매량": 8900, "매출": 6230000000, "원가": 4361000000, "마진율": 30.0, "재고회전율": 6.2, "반품률": 1.8, "고객만족도": 4.2},
  {"상품ID": "P002", "상품명": "스마트폰 B", "카테고리": "전자기기", "분기": "2023-Q2", "판매량": 9300, "매출": 6510000000, "원가": 4557000000, "마진율": 30.0, "재고회전율": 6.5, "반품률": 1.7, "고객만족도": 4.3},
  {"상품ID": "P002", "상품명": "스마트폰 B", "카테고리": "전자기기", "분기": "2023-Q3", "판매량": 9800, "매출": 6860000000, "원가": 4802000000, "마진율": 30.0, "재고회전율": 6.8, "반품률": 1.6, "고객만족도": 4.3},
  {"상품ID": "P002", "상품명": "스마트폰 B", "카테고리": "전자기기", "분기": "2023-Q4", "판매량": 10400, "매출": 7280000000, "원가": 5096000000, "마진율": 30.0, "재고회전율": 7.2, "반품률": 1.5, "고객만족도": 4.4},
  {"상품ID": "P002", "상품명": "스마트폰 B", "카테고리": "전자기기", "분기": "2024-Q1", "판매량": 11200, "매출": 7840000000, "원가": 5488000000, "마진율": 30.0, "재고회전율": 7.8, "반품률": 1.4, "고객만족도": 4.5},
  {"상품ID": "P003", "상품명": "태블릿 A", "카테고리": "전자기기", "분기": "2023-Q1", "판매량": 5600, "매출": 3920000000, "원가": 2352000000, "마진율": 40.0, "재고회전율": 3.9, "반품률": 2.1, "고객만족도": 4.3},
  {"상품ID": "P003", "상품명": "태블릿 A", "카테고리": "전자기기", "분기": "2023-Q2", "판매량": 5900, "매출": 4130000000, "원가": 2478000000, "마진율": 40.0, "재고회전율": 4.1, "반품률": 2.0, "고객만족도": 4.3},
  {"상품ID": "P003", "상품명": "태블릿 A", "카테고리": "전자기기", "분기": "2023-Q3", "판매량": 6200, "매출": 4340000000, "원가": 2604000000, "마진율": 40.0, "재고회전율": 4.3, "반품률": 1.9, "고객만족도": 4.4},
  {"상품ID": "P003", "상품명": "태블릿 A", "카테고리": "전자기기", "분기": "2023-Q4", "판매량": 6500, "매출": 4550000000, "원가": 2730000000, "마진율": 40.0, "재고회전율": 4.5, "반품률": 1.8, "고객만족도": 4.4},
  {"상품ID": "P003", "상품명": "태블릿 A", "카테고리": "전자기기", "분기": "2024-Q1", "판매량": 6800, "매출": 4760000000, "원가": 2856000000, "마진율": 40.0, "재고회전율": 4.7, "반품률": 1.7, "고객만족도": 4.5},
  {"상품ID": "P004", "상품명": "노트북 A", "카테고리": "전자기기", "분기": "2023-Q1", "판매량": 4100, "매출": 4920000000, "원가": 3444000000, "마진율": 30.0, "재고회전율": 2.9, "반품률": 1.5, "고객만족도": 4.6},
  {"상품ID": "P004", "상품명": "노트북 A", "카테고리": "전자기기", "분기": "2023-Q2", "판매량": 4300, "매출": 5160000000, "원가": 3612000000, "마진율": 30.0, "재고회전율": 3.0, "반품률": 1.4, "고객만족도": 4.6},
  {"상품ID": "P004", "상품명": "노트북 A", "카테고리": "전자기기", "분기": "2023-Q3", "판매량": 4500, "매출": 5400000000, "원가": 3780000000, "마진율": 30.0, "재고회전율": 3.1, "반품률": 1.3, "고객만족도": 4.7},
  {"상품ID": "P004", "상품명": "노트북 A", "카테고리": "전자기기", "분기": "2023-Q4", "판매량": 4800, "매출": 5760000000, "원가": 4032000000, "마진율": 30.0, "재고회전율": 3.3, "반품률": 1.2, "고객만족도": 4.7},
  {"상품ID": "P004", "상품명": "노트북 A", "카테고리": "전자기기", "분기": "2024-Q1", "판매량": 5100, "매출": 6120000000, "원가": 4284000000, "마진율": 30.0, "재고회전율": 3.5, "반품률": 1.1, "고객만족도": 4.8},
  {"상품ID": "P005", "상품명": "스마트워치 A", "카테고리": "웨어러블", "분기": "2023-Q1", "판매량": 7800, "매출": 1950000000, "원가": 1170000000, "마진율": 40.0, "재고회전율": 5.4, "반품률": 2.5, "고객만족도": 4.0},
  {"상품ID": "P005", "상품명": "스마트워치 A", "카테고리": "웨어러블", "분기": "2023-Q2", "판매량": 8200, "매출": 2050000000, "원가": 1230000000, "마진율": 40.0, "재고회전율": 5.7, "반품률": 2.4, "고객만족도": 4.1},
  {"상품ID": "P005", "상품명": "스마트워치 A", "카테고리": "웨어러블", "분기": "2023-Q3", "판매량": 8600, "매출": 2150000000, "원가": 1290000000, "마진율": 40.0, "재고회전율": 6.0, "반품률": 2.3, "고객만족도": 4.1},
  {"상품ID": "P005", "상품명": "스마트워치 A", "카테고리": "웨어러블", "분기": "2023-Q4", "판매량": 9100, "매출": 2275000000, "원가": 1365000000, "마진율": 40.0, "재고회전율": 6.3, "반품률": 2.2, "고객만족도": 4.2},
  {"상품ID": "P005", "상품명": "스마트워치 A", "카테고리": "웨어러블", "분기": "2024-Q1", "판매량": 9600, "매출": 2400000000, "원가": 1440000000, "마진율": 40.0, "재고회전율": 6.7, "반품률": 2.1, "고객만족도": 4.2},
  {"상품ID": "P006", "상품명": "이어버드 A", "카테고리": "오디오", "분기": "2023-Q1", "판매량": 9500, "매출": 1425000000, "원가": 855000000, "마진율": 40.0, "재고회전율": 6.6, "반품률": 2.8, "고객만족도": 4.0},
  {"상품ID": "P006", "상품명": "이어버드 A", "카테고리": "오디오", "분기": "2023-Q2", "판매량": 10200, "매출": 1530000000, "원가": 918000000, "마진율": 40.0, "재고회전율": 7.1, "반품률": 2.7, "고객만족도": 4.1},
  {"상품ID": "P006", "상품명": "이어버드 A", "카테고리": "오디오", "분기": "2023-Q3", "판매량": 10900, "매출": 1635000000, "원가": 981000000, "마진율": 40.0, "재고회전율": 7.6, "반품률": 2.6, "고객만족도": 4.1},
  {"상품ID": "P006", "상품명": "이어버드 A", "카테고리": "오디오", "분기": "2023-Q4", "판매량": 11700, "매출": 1755000000, "원가": 1053000000, "마진율": 40.0, "재고회전율": 8.1, "반품률": 2.5, "고객만족도": 4.2},
  {"상품ID": "P006", "상품명": "이어버드 A", "카테고리": "오디오", "분기": "2024-Q1", "판매량": 12600, "매출": 1890000000, "원가": 1134000000, "마진율": 40.0, "재고회전율": 8.8, "반품률": 2.4, "고객만족도": 4.3},
  {"상품ID": "P007", "상품명": "스마트TV A", "카테고리": "가전", "분기": "2023-Q1", "판매량": 3800, "매출": 3800000000, "원가": 2660000000, "마진율": 30.0, "재고회전율": 2.6, "반품률": 1.0, "고객만족도": 4.5},
  {"상품ID": "P007", "상품명": "스마트TV A", "카테고리": "가전", "분기": "2023-Q2", "판매량": 3950, "매출": 3950000000, "원가": 2765000000, "마진율": 30.0, "재고회전율": 2.7, "반품률": 0.9, "고객만족도": 4.5},
  {"상품ID": "P007", "상품명": "스마트TV A", "카테고리": "가전", "분기": "2023-Q3", "판매량": 4100, "매출": 4100000000, "원가": 2870000000, "마진율": 30.0, "재고회전율": 2.9, "반품률": 0.9, "고객만족도": 4.6},
  {"상품ID": "P007", "상품명": "스마트TV A", "카테고리": "가전", "분기": "2023-Q4", "판매량": 4300, "매출": 4300000000, "원가": 3010000000, "마진율": 30.0, "재고회전율": 3.0, "반품률": 0.8, "고객만족도": 4.6},
  {"상품ID": "P007", "상품명": "스마트TV A", "카테고리": "가전", "분기": "2024-Q1", "판매량": 4500, "매출": 4500000000, "원가": 3150000000, "마진율": 30.0, "재고회전율": 3.1, "반품률": 0.7, "고객만족도": 4.7},
  {"상품ID": "P008", "상품명": "공기청정기 A", "카테고리": "가전", "분기": "2023-Q1", "판매량": 6200, "매출": 1860000000, "원가": 1116000000, "마진율": 40.0, "재고회전율": 4.3, "반품률": 1.8, "고객만족도": 4.2},
  {"상품ID": "P008", "상품명": "공기청정기 A", "카테고리": "가전", "분기": "2023-Q2", "판매량": 5800, "매출": 1740000000, "원가": 1044000000, "마진율": 40.0, "재고회전율": 4.0, "반품률": 1.9, "고객만족도": 4.1},
  {"상품ID": "P008", "상품명": "공기청정기 A", "카테고리": "가전", "분기": "2023-Q3", "판매량": 5400, "매출": 1620000000, "원가": 972000000, "마진율": 40.0, "재고회전율": 3.8, "반품률": 2.0, "고객만족도": 4.1},
  {"상품ID": "P008", "상품명": "공기청정기 A", "카테고리": "가전", "분기": "2023-Q4", "판매량": 7200, "매출": 2160000000, "원가": 1296000000, "마진율": 40.0, "재고회전율": 5.0, "반품률": 1.7, "고객만족도": 4.3},
  {"상품ID": "P008", "상품명": "공기청정기 A", "카테고리": "가전", "분기": "2024-Q1", "판매량": 7800, "매출": 2340000000, "원가": 1404000000, "마진율": 40.0, "재고회전율": 5.4, "반품률": 1.6, "고객만족도": 4.3},
  {"상품ID": "P009", "상품명": "로봇청소기 A", "카테고리": "가전", "분기": "2023-Q1", "판매량": 3500, "매출": 1750000000, "원가": 1050000000, "마진율": 40.0, "재고회전율": 2.4, "반품률": 2.0, "고객만족도": 4.3},
  {"상품ID": "P009", "상품명": "로봇청소기 A", "카테고리": "가전", "분기": "2023-Q2", "판매량": 3800, "매출": 1900000000, "원가": 1140000000, "마진율": 40.0, "재고회전율": 2.6, "반품률": 1.9, "고객만족도": 4.3},
  {"상품ID": "P009", "상품명": "로봇청소기 A", "카테고리": "가전", "분기": "2023-Q3", "판매량": 4100, "매출": 2050000000, "원가": 1230000000, "마진율": 40.0, "재고회전율": 2.9, "반품률": 1.8, "고객만족도": 4.4},
  {"상품ID": "P009", "상품명": "로봇청소기 A", "카테고리": "가전", "분기": "2023-Q4", "판매량": 4500, "매출": 2250000000, "원가": 1350000000, "마진율": 40.0, "재고회전율": 3.1, "반품률": 1.7, "고객만족도": 4.4},
  {"상품ID": "P009", "상품명": "로봇청소기 A", "카테고리": "가전", "분기": "2024-Q1", "판매량": 4900, "매출": 2450000000, "원가": 1470000000, "마진율": 40.0, "재고회전율": 3.4, "반품률": 1.6, "고객만족도": 4.5},
  {"상품ID": "P010", "상품명": "게이밍노트북 A", "카테고리": "전자기기", "분기": "2023-Q1", "판매량": 2800, "매출": 4200000000, "원가": 2940000000, "마진율": 30.0, "재고회전율": 1.9, "반품률": 1.7, "고객만족도": 4.4},
  {"상품ID": "P010", "상품명": "게이밍노트북 A", "카테고리": "전자기기", "분기": "2023-Q2", "판매량": 3000, "매출": 4500000000, "원가": 3150000000, "마진율": 30.0, "재고회전율": 2.1, "반품률": 1.6, "고객만족도": 4.4},
  {"상품ID": "P010", "상품명": "게이밍노트북 A", "카테고리": "전자기기", "분기": "2023-Q3", "판매량": 3200, "매출": 4800000000, "원가": 3360000000, "마진율": 30.0, "재고회전율": 2.2, "반품률": 1.5, "고객만족도": 4.5},
  {"상품ID": "P010", "상품명": "게이밍노트북 A", "카테고리": "전자기기", "분기": "2023-Q4", "판매량": 3500, "매출": 5250000000, "원가": 3675000000, "마진율": 30.0, "재고회전율": 2.4, "반품률": 1.4, "고객만족도": 4.5},
  {"상품ID": "P010", "상품명": "게이밍노트북 A", "카테고리": "전자기기", "분기": "2024-Q1", "판매량": 3800, "매출": 5700000000, "원가": 3990000000, "마진율": 30.0, "재고회전율": 2.6, "반품률": 1.3, "고객만족도": 4.6}
]',
current_timestamp, current_timestamp);

-- report_data 테이블 데이터 - 리포트 4: 지역별 판매 현황
INSERT INTO report_data (report_id, headers, data, created_date, updated_date)
VALUES
(4, 
'["지역", "분기", "매장수", "매출", "전년동기대비성장률", "고객수", "객단가", "방문빈도", "재방문율"]',
'[
  {"지역": "서울", "분기": "2023-Q1", "매장수": 125, "매출": 35620000000, "전년동기대비성장률": 8.5, "고객수": 856000, "객단가": 41612, "방문빈도": 2.8, "재방문율": 45.2},
  {"지역": "서울", "분기": "2023-Q2", "매장수": 127, "매출": 37850000000, "전년동기대비성장률": 9.2, "고객수": 892000, "객단가": 42433, "방문빈도": 2.9, "재방문율": 46.5},
  {"지역": "서울", "분기": "2023-Q3", "매장수": 130, "매출": 39560000000, "전년동기대비성장률": 9.8, "고객수": 925000, "객단가": 42768, "방문빈도": 3.0, "재방문율": 47.8},
  {"지역": "서울", "분기": "2023-Q4", "매장수": 132, "매출": 42750000000, "전년동기대비성장률": 10.5, "고객수": 965000, "객단가": 44301, "방문빈도": 3.1, "재방문율": 49.2},
  {"지역": "서울", "분기": "2024-Q1", "매장수": 135, "매출": 45320000000, "전년동기대비성장률": 27.2, "고객수": 1020000, "객단가": 44431, "방문빈도": 3.2, "재방문율": 50.5},
  {"지역": "경기", "분기": "2023-Q1", "매장수": 98, "매출": 28750000000, "전년동기대비성장률": 7.8, "고객수": 725000, "객단가": 39655, "방문빈도": 2.5, "재방문율": 42.5},
  {"지역": "경기", "분기": "2023-Q2", "매장수": 102, "매출": 30250000000, "전년동기대비성장률": 8.2, "고객수": 752000, "객단가": 40226, "방문빈도": 2.6, "재방문율": 43.8},
  {"지역": "경기", "분기": "2023-Q3", "매장수": 105, "매출": 31580000000, "전년동기대비성장률": 8.7, "고객수": 780000, "객단가": 40487, "방문빈도": 2.7, "재방문율": 45.1},
  {"지역": "경기", "분기": "2023-Q4", "매장수": 108, "매출": 33850000000, "전년동기대비성장률": 9.3, "고객수": 810000, "객단가": 41790, "방문빈도": 2.8, "재방문율": 46.4},
  {"지역": "경기", "분기": "2024-Q1", "매장수": 110, "매출": 36250000000, "전년동기대비성장률": 26.1, "고객수": 850000, "객단가": 42647, "방문빈도": 2.9, "재방문율": 47.7},
  {"지역": "부산", "분기": "2023-Q1", "매장수": 52, "매출": 14250000000, "전년동기대비성장률": 6.2, "고객수": 385000, "객단가": 37013, "방문빈도": 2.3, "재방문율": 40.5},
  {"지역": "부산", "분기": "2023-Q2", "매장수": 54, "매출": 15120000000, "전년동기대비성장률": 6.8, "고객수": 402000, "객단가": 37612, "방문빈도": 2.4, "재방문율": 41.3},
  {"지역": "부산", "분기": "2023-Q3", "매장수": 55, "매출": 15950000000, "전년동기대비성장률": 7.3, "고객수": 420000, "객단가": 37976, "방문빈도": 2.5, "재방문율": 42.1},
  {"지역": "부산", "분기": "2023-Q4", "매장수": 57, "매출": 17250000000, "전년동기대비성장률": 7.9, "고객수": 445000, "객단가": 38764, "방문빈도": 2.6, "재방문율": 42.9},
  {"지역": "부산", "분기": "2024-Q1", "매장수": 58, "매출": 18650000000, "전년동기대비성장률": 30.9, "고객수": 470000, "객단가": 39681, "방문빈도": 2.7, "재방문율": 43.8},
  {"지역": "대구", "분기": "2023-Q1", "매장수": 35, "매출": 9850000000, "전년동기대비성장률": 5.8, "고객수": 275000, "객단가": 35818, "방문빈도": 2.2, "재방문율": 38.6},
  {"지역": "대구", "분기": "2023-Q2", "매장수": 36, "매출": 10350000000, "전년동기대비성장률": 6.2, "고객수": 285000, "객단가": 36316, "방문빈도": 2.3, "재방문율": 39.2},
  {"지역": "대구", "분기": "2023-Q3", "매장수": 37, "매출": 10950000000, "전년동기대비성장률": 6.7, "고객수": 298000, "객단가": 36745, "방문빈도": 2.4, "재방문율": 39.8},
  {"지역": "대구", "분기": "2023-Q4", "매장수": 38, "매출": 11850000000, "전년동기대비성장률": 7.3, "고객수": 318000, "객단가": 37264, "방문빈도": 2.5, "재방문율": 40.4},
  {"지역": "대구", "분기": "2024-Q1", "매장수": 39, "매출": 12750000000, "전년동기대비성장률": 29.4, "고객수": 335000, "객단가": 38060, "방문빈도": 2.6, "재방문율": 41.0},
  {"지역": "인천", "분기": "2023-Q1", "매장수": 30, "매출": 8250000000, "전년동기대비성장률": 5.5, "고객수": 235000, "객단가": 35106, "방문빈도": 2.1, "재방문율": 37.2},
  {"지역": "인천", "분기": "2023-Q2", "매장수": 31, "매출": 8750000000, "전년동기대비성장률": 5.9, "고객수": 245000, "객단가": 35714, "방문빈도": 2.2, "재방문율": 37.8},
  {"지역": "인천", "분기": "2023-Q3", "매장수": 32, "매출": 9350000000, "전년동기대비성장률": 6.4, "고객수": 258000, "객단가": 36240, "방문빈도": 2.3, "재방문율": 38.4},
  {"지역": "인천", "분기": "2023-Q4", "매장수": 33, "매출": 10150000000, "전년동기대비성장률": 7.0, "고객수": 275000, "객단가": 36909, "방문빈도": 2.4, "재방문율": 39.0},
  {"지역": "인천", "분기": "2024-Q1", "매장수": 34, "매출": 10950000000, "전년동기대비성장률": 32.7, "고객수": 292000, "객단가": 37500, "방문빈도": 2.5, "재방문율": 39.6},
  {"지역": "광주", "분기": "2023-Q1", "매장수": 22, "매출": 5850000000, "전년동기대비성장률": 4.8, "고객수": 172000, "객단가": 34012, "방문빈도": 2.0, "재방문율": 35.5},
  {"지역": "광주", "분기": "2023-Q2", "매장수": 23, "매출": 6250000000, "전년동기대비성장률": 5.2, "고객수": 180000, "객단가": 34722, "방문빈도": 2.1, "재방문율": 36.0},
  {"지역": "광주", "분기": "2023-Q3", "매장수": 24, "매출": 6650000000, "전년동기대비성장률": 5.7, "고객수": 190000, "객단가": 35000, "방문빈도": 2.2, "재방문율": 36.5},
  {"지역": "광주", "분기": "2023-Q4", "매장수": 25, "매출": 7250000000, "전년동기대비성장률": 6.3, "고객수": 205000, "객단가": 35366, "방문빈도": 2.3, "재방문율": 37.0},
  {"지역": "광주", "분기": "2024-Q1", "매장수": 26, "매출": 7850000000, "전년동기대비성장률": 34.2, "고객수": 220000, "객단가": 35682, "방문빈도": 2.4, "재방문율": 37.5}
]',
current_timestamp, current_timestamp);

-- report_data 테이블 데이터 - 리포트 5: 고객 충성도 분석
INSERT INTO report_data (report_id, headers, data, created_date, updated_date)
VALUES
(5, 
'["고객등급", "분기", "고객수", "평균객단가", "구매빈도", "연간가치", "retention_rate", "nps_score", "추천율", "마일리지사용률"]',
'[
  {"고객등급": "VVIP", "분기": "2023-Q1", "고객수": 850, "평균객단가": 125000, "구매빈도": 18.5, "연간가치": 8850000, "retention_rate": 95.8, "nps_score": 92, "추천율": 85.2, "마일리지사용률": 87.5},
  {"고객등급": "VVIP", "분기": "2023-Q2", "고객수": 880, "평균객단가": 128000, "구매빈도": 19.2, "연간가치": 9330000, "retention_rate": 96.2, "nps_score": 93, "추천율": 86.4, "마일리지사용률": 88.2},
  {"고객등급": "VVIP", "분기": "2023-Q3", "고객수": 920, "평균객단가": 130000, "구매빈도": 19.8, "연간가치": 9750000, "retention_rate": 96.5, "nps_score": 94, "추천율": 87.5, "마일리지사용률": 88.9},
  {"고객등급": "VVIP", "분기": "2023-Q4", "고객수": 950, "평균객단가": 135000, "구매빈도": 20.5, "연간가치": 10500000, "retention_rate": 97.0, "nps_score": 95, "추천율": 88.6, "마일리지사용률": 89.6},
  {"고객등급": "VVIP", "분기": "2024-Q1", "고객수": 980, "평균객단가": 140000, "구매빈도": 21.0, "연간가치": 11200000, "retention_rate": 97.5, "nps_score": 96, "추천율": 89.8, "마일리지사용률": 90.2},
  {"고객등급": "VIP", "분기": "2023-Q1", "고객수": 2750, "평균객단가": 82000, "구매빈도": 12.8, "연간가치": 3990000, "retention_rate": 92.5, "nps_score": 85, "추천율": 75.6, "마일리지사용률": 82.4},
  {"고객등급": "VIP", "분기": "2023-Q2", "고객수": 2850, "평균객단가": 83500, "구매빈도": 13.2, "연간가치": 4180000, "retention_rate": 93.0, "nps_score": 86, "추천율": 76.8, "마일리지사용률": 83.1},
  {"고객등급": "VIP", "분기": "2023-Q3", "고객수": 2950, "평균객단가": 85000, "구매빈도": 13.5, "연간가치": 4350000, "retention_rate": 93.5, "nps_score": 87, "추천율": 78.0, "마일리지사용률": 83.8},
  {"고객등급": "VIP", "분기": "2023-Q4", "고객수": 3100, "평균객단가": 87000, "구매빈도": 14.0, "연간가치": 4610000, "retention_rate": 94.0, "nps_score": 88, "추천율": 79.2, "마일리지사용률": 84.5},
  {"고객등급": "VIP", "분기": "2024-Q1", "고객수": 3250, "평균객단가": 89500, "구매빈도": 14.5, "연간가치": 4910000, "retention_rate": 94.5, "nps_score": 89, "추천율": 80.5, "마일리지사용률": 85.2},
  {"고객등급": "골드", "분기": "2023-Q1", "고객수": 8500, "평균객단가": 58000, "구매빈도": 8.5, "연간가치": 1870000, "retention_rate": 88.0, "nps_score": 75, "추천율": 62.5, "마일리지사용률": 68.3},
  {"고객등급": "골드", "분기": "2023-Q2", "고객수": 8800, "평균객단가": 59500, "구매빈도": 8.8, "연간가치": 1980000, "retention_rate": 88.5, "nps_score": 76, "추천율": 63.8, "마일리지사용률": 69.2},
  {"고객등급": "골드", "분기": "2023-Q3", "고객수": 9100, "평균객단가": 61000, "구매빈도": 9.0, "연간가치": 2075000, "retention_rate": 89.0, "nps_score": 77, "추천율": 65.0, "마일리지사용률": 70.1},
  {"고객등급": "골드", "분기": "2023-Q4", "고객수": 9500, "평균객단가": 62500, "구매빈도": 9.3, "연간가치": 2200000, "retention_rate": 89.5, "nps_score": 78, "추천율": 66.2, "마일리지사용률": 71.0},
  {"고객등급": "골드", "분기": "2024-Q1", "고객수": 9900, "평균객단가": 64000, "구매빈도": 9.5, "연간가치": 2300000, "retention_rate": 90.0, "nps_score": 79, "추천율": 67.5, "마일리지사용률": 71.9},
  {"고객등급": "실버", "분기": "2023-Q1", "고객수": 18500, "평균객단가": 38000, "구매빈도": 5.2, "연간가치": 750000, "retention_rate": 75.0, "nps_score": 65, "추천율": 48.2, "마일리지사용률": 52.5},
  {"고객등급": "실버", "분기": "2023-Q2", "고객수": 19200, "평균객단가": 39000, "구매빈도": 5.4, "연간가치": 795000, "retention_rate": 75.8, "nps_score": 66, "추천율": 49.5, "마일리지사용률": 53.4},
  {"고객등급": "실버", "분기": "2023-Q3", "고객수": 20000, "평균객단가": 40000, "구매빈도": 5.5, "연간가치": 830000, "retention_rate": 76.5, "nps_score": 67, "추천율": 50.8, "마일리지사용률": 54.3},
  {"고객등급": "실버", "분기": "2023-Q4", "고객수": 21000, "평균객단가": 41000, "구매빈도": 5.7, "연간가치": 880000, "retention_rate": 77.3, "nps_score": 68, "추천율": 52.0, "마일리지사용률": 55.2},
  {"고객등급": "실버", "분기": "2024-Q1", "고객수": 22000, "평균객단가": 42000, "구매빈도": 5.8, "연간가치": 920000, "retention_rate": 78.0, "nps_score": 69, "추천율": 53.2, "마일리지사용률": 56.1},
  {"고객등급": "브론즈", "분기": "2023-Q1", "고객수": 45000, "평균객단가": 22000, "구매빈도": 2.8, "연간가치": 235000, "retention_rate": 58.5, "nps_score": 45, "추천율": 32.5, "마일리지사용률": 38.2},
  {"고객등급": "브론즈", "분기": "2023-Q2", "고객수": 48000, "평균객단가": 22500, "구매빈도": 2.9, "연간가치": 245000, "retention_rate": 59.2, "nps_score": 46, "추천율": 33.8, "마일리지사용률": 39.0},
  {"고객등급": "브론즈", "분기": "2023-Q3", "고객수": 51000, "평균객단가": 23000, "구매빈도": 3.0, "연간가치": 260000, "retention_rate": 60.0, "nps_score": 47, "추천율": 35.0, "마일리지사용률": 39.8},
  {"고객등급": "브론즈", "분기": "2023-Q4", "고객수": 54000, "평균객단가": 23500, "구매빈도": 3.1, "연간가치": 275000, "retention_rate": 60.8, "nps_score": 48, "추천율": 36.2, "마일리지사용률": 40.6},
  {"고객등급": "브론즈", "분기": "2024-Q1", "고객수": 57000, "평균객단가": 24000, "구매빈도": 3.2, "연간가치": 290000, "retention_rate": 61.5, "nps_score": 49, "추천율": 37.5, "마일리지사용률": 41.4}
]',
current_timestamp, current_timestamp);


-- report_data 테이블 데이터 - 리포트 6: 마케팅 캠페인 효과 분석
INSERT INTO report_data (report_id, headers, data, created_date, updated_date)
VALUES
(6, 
'["캠페인ID", "캠페인명", "채널", "기간", "예산", "실제비용", "노출수", "클릭수", "CTR", "전환수", "전환율", "CPC", "CPA", "ROAS"]',
'[
  {"캠페인ID": "C2023-01", "캠페인명": "신년 프로모션", "채널": "검색광고", "기간": "2023-01", "예산": 150000000, "실제비용": 148500000, "노출수": 12500000, "클릭수": 625000, "CTR": 5.0, "전환수": 25000, "전환율": 4.0, "CPC": 237.6, "CPA": 5940, "ROAS": 420},
  {"캠페인ID": "C2023-01", "캠페인명": "신년 프로모션", "채널": "디스플레이광고", "기간": "2023-01", "예산": 120000000, "실제비용": 118750000, "노출수": 18750000, "클릭수": 375000, "CTR": 2.0, "전환수": 11250, "전환율": 3.0, "CPC": 316.7, "CPA": 10556, "ROAS": 380},
  {"캠페인ID": "C2023-01", "캠페인명": "신년 프로모션", "채널": "소셜미디어", "기간": "2023-01", "예산": 80000000, "실제비용": 79500000, "노출수": 10000000, "클릭수": 400000, "CTR": 4.0, "전환수": 16000, "전환율": 4.0, "CPC": 198.8, "CPA": 4969, "ROAS": 450},
  {"캠페인ID": "C2023-01", "캠페인명": "신년 프로모션", "채널": "이메일", "기간": "2023-01", "예산": 25000000, "실제비용": 24800000, "노출수": 2500000, "클릭수": 175000, "CTR": 7.0, "전환수": 14000, "전환율": 8.0, "CPC": 141.7, "CPA": 1771, "ROAS": 520},
  {"캠페인ID": "C2023-02", "캠페인명": "봄맞이 세일", "채널": "검색광고", "기간": "2023-04", "예산": 180000000, "실제비용": 178500000, "노출수": 14500000, "클릭수": 725000, "CTR": 5.0, "전환수": 29000, "전환율": 4.0, "CPC": 246.2, "CPA": 6155, "ROAS": 410},
  {"캠페인ID": "C2023-02", "캠페인명": "봄맞이 세일", "채널": "디스플레이광고", "기간": "2023-04", "예산": 140000000, "실제비용": 138750000, "노출수": 21000000, "클릭수": 420000, "CTR": 2.0, "전환수": 12600, "전환율": 3.0, "CPC": 330.4, "CPA": 11012, "ROAS": 370},
  {"캠페인ID": "C2023-02", "캠페인명": "봄맞이 세일", "채널": "소셜미디어", "기간": "2023-04", "예산": 95000000, "실제비용": 94250000, "노출수": 11800000, "클릭수": 472000, "CTR": 4.0, "전환수": 18880, "전환율": 4.0, "CPC": 199.7, "CPA": 4992, "ROAS": 440},
  {"캠페인ID": "C2023-02", "캠페인명": "봄맞이 세일", "채널": "이메일", "기간": "2023-04", "예산": 30000000, "실제비용": 29650000, "노출수": 3000000, "클릭수": 210000, "CTR": 7.0, "전환수": 16800, "전환율": 8.0, "CPC": 141.2, "CPA": 1765, "ROAS": 530},
  {"캠페인ID": "C2023-03", "캠페인명": "여름 기획전", "채널": "검색광고", "기간": "2023-07", "예산": 200000000, "실제비용": 198500000, "노출수": 16500000, "클릭수": 825000, "CTR": 5.0, "전환수": 33000, "전환율": 4.0, "CPC": 240.6, "CPA": 6015, "ROAS": 425},
  {"캠페인ID": "C2023-03", "캠페인명": "여름 기획전", "채널": "디스플레이광고", "기간": "2023-07", "예산": 160000000, "실제비용": 158500000, "노출수": 24000000, "클릭수": 480000, "CTR": 2.0, "전환수": 14400, "전환율": 3.0, "CPC": 330.2, "CPA": 11007, "ROAS": 375},
  {"캠페인ID": "C2023-03", "캠페인명": "여름 기획전", "채널": "소셜미디어", "기간": "2023-07", "예산": 110000000, "실제비용": 109250000, "노출수": 13650000, "클릭수": 546000, "CTR": 4.0, "전환수": 21840, "전환율": 4.0, "CPC": 200.1, "CPA": 5002, "ROAS": 435},
  {"캠페인ID": "C2023-03", "캠페인명": "여름 기획전", "채널": "이메일", "기간": "2023-07", "예산": 35000000, "실제비용": 34650000, "노출수": 3500000, "클릭수": 245000, "CTR": 7.0, "전환수": 19600, "전환율": 8.0, "CPC": 141.4, "CPA": 1768, "ROAS": 525},
  {"캠페인ID": "C2023-04", "캠페인명": "연말 할인", "채널": "검색광고", "기간": "2023-12", "예산": 250000000, "실제비용": 248500000, "노출수": 19500000, "클릭수": 975000, "CTR": 5.0, "전환수": 39000, "전환율": 4.0, "CPC": 254.9, "CPA": 6372, "ROAS": 450},
  {"캠페인ID": "C2023-04", "캠페인명": "연말 할인", "채널": "디스플레이광고", "기간": "2023-12", "예산": 200000000, "실제비용": 198500000, "노출수": 28000000, "클릭수": 560000, "CTR": 2.0, "전환수": 16800, "전환율": 3.0, "CPC": 354.5, "CPA": 11815, "ROAS": 400},
  {"캠페인ID": "C2023-04", "캠페인명": "연말 할인", "채널": "소셜미디어", "기간": "2023-12", "예산": 150000000, "실제비용": 149000000, "노출수": 17500000, "클릭수": 700000, "CTR": 4.0, "전환수": 28000, "전환율": 4.0, "CPC": 212.9, "CPA": 5321, "ROAS": 460},
  {"캠페인ID": "C2023-04", "캠페인명": "연말 할인", "채널": "이메일", "기간": "2023-12", "예산": 50000000, "실제비용": 49500000, "노출수": 4500000, "클릭수": 315000, "CTR": 7.0, "전환수": 25200, "전환율": 8.0, "CPC": 157.1, "CPA": 1964, "ROAS": 550},
  {"캠페인ID": "C2024-01", "캠페인명": "새해맞이 프로모션", "채널": "검색광고", "기간": "2024-01", "예산": 275000000, "실제비용": 273500000, "노출수": 21500000, "클릭수": 1075000, "CTR": 5.0, "전환수": 43000, "전환율": 4.0, "CPC": 254.4, "CPA": 6360, "ROAS": 465},
  {"캠페인ID": "C2024-01", "캠페인명": "새해맞이 프로모션", "채널": "디스플레이광고", "기간": "2024-01", "예산": 220000000, "실제비용": 218500000, "노출수": 30500000, "클릭수": 610000, "CTR": 2.0, "전환수": 18300, "전환율": 3.0, "CPC": 358.2, "CPA": 11940, "ROAS": 410},
  {"캠페인ID": "C2024-01", "캠페인명": "새해맞이 프로모션", "채널": "소셜미디어", "기간": "2024-01", "예산": 170000000, "실제비용": 169000000, "노출수": 19500000, "클릭수": 780000, "CTR": 4.0, "전환수": 31200, "전환율": 4.0, "CPC": 216.7, "CPA": 5417, "ROAS": 470},
  {"캠페인ID": "C2024-01", "캠페인명": "새해맞이 프로모션", "채널": "이메일", "기간": "2024-01", "예산": 60000000, "실제비용": 59500000, "노출수": 5000000, "클릭수": 350000, "CTR": 7.0, "전환수": 28000, "전환율": 8.0, "CPC": 170.0, "CPA": 2125, "ROAS": 560}
]',
current_timestamp, current_timestamp);

-- report_data 테이블 데이터 - 리포트 7: 채널별 판매 분석
INSERT INTO report_data (report_id, headers, data, created_date, updated_date)
VALUES
(7, 
'["채널", "월", "매출", "주문수", "고객수", "객단가", "취소율", "반품율", "평균배송일", "NPS"]',
'[
  {"채널": "온라인 몰", "월": "2023-01", "매출": 12500000000, "주문수": 285000, "고객수": 210000, "객단가": 43860, "취소율": 3.2, "반품율": 5.8, "평균배송일": 2.3, "NPS": 68},
  {"채널": "온라인 몰", "월": "2023-02", "매출": 11800000000, "주문수": 272000, "고객수": 195000, "객단가": 43380, "취소율": 3.3, "반품율": 5.9, "평균배송일": 2.4, "NPS": 67},
  {"채널": "온라인 몰", "월": "2023-03", "매출": 12250000000, "주문수": 280000, "고객수": 205000, "객단가": 43750, "취소율": 3.2, "반품율": 5.7, "평균배송일": 2.3, "NPS": 68},
  {"채널": "온라인 몰", "월": "2023-04", "매출": 13150000000, "주문수": 298000, "고객수": 220000, "객단가": 44128, "취소율": 3.1, "반품율": 5.6, "평균배송일": 2.2, "NPS": 69},
  {"채널": "온라인 몰", "월": "2023-05", "매출": 13850000000, "주문수": 312000, "고객수": 230000, "객단가": 44391, "취소율": 3.0, "반품율": 5.5, "평균배송일": 2.2, "NPS": 70},
  {"채널": "온라인 몰", "월": "2023-06", "매출": 14500000000, "주문수": 325000, "고객수": 240000, "객단가": 44615, "취소율": 2.9, "반품율": 5.4, "평균배송일": 2.1, "NPS": 71},
  {"채널": "온라인 몰", "월": "2023-07", "매출": 15250000000, "주문수": 340000, "고객수": 250000, "객단가": 44853, "취소율": 2.8, "반품율": 5.3, "평균배송일": 2.1, "NPS": 72},
  {"채널": "온라인 몰", "월": "2023-08", "매출": 15850000000, "주문수": 352000, "고객수": 260000, "객단가": 45028, "취소율": 2.7, "반품율": 5.2, "평균배송일": 2.0, "NPS": 73},
  {"채널": "온라인 몰", "월": "2023-09", "매출": 16450000000, "주문수": 365000, "고객수": 270000, "객단가": 45068, "취소율": 2.6, "반품율": 5.1, "평균배송일": 2.0, "NPS": 74},
  {"채널": "온라인 몰", "월": "2023-10", "매출": 17250000000, "주문수": 380000, "고객수": 280000, "객단가": 45395, "취소율": 2.5, "반품율": 5.0, "평균배송일": 1.9, "NPS": 75},
  {"채널": "온라인 몰", "월": "2023-11", "매출": 18350000000, "주문수": 402000, "고객수": 295000, "객단가": 45647, "취소율": 2.4, "반품율": 4.9, "평균배송일": 1.9, "NPS": 76},
  {"채널": "온라인 몰", "월": "2023-12", "매출": 22500000000, "주문수": 485000, "고객수": 355000, "객단가": 46392, "취소율": 2.3, "반품율": 4.8, "평균배송일": 1.8, "NPS": 77},
  {"채널": "온라인 몰", "월": "2024-01", "매출": 17850000000, "주문수": 390000, "고객수": 290000, "객단가": 45769, "취소율": 2.2, "반품율": 4.7, "평균배송일": 1.8, "NPS": 78},
  {"채널": "오프라인 매장", "월": "2023-01", "매출": 9850000000, "주문수": 185000, "고객수": 165000, "객단가": 53243, "취소율": 0.8, "반품율": 2.5, "평균배송일": 0.0, "NPS": 72},
  {"채널": "오프라인 매장", "월": "2023-02", "매출": 9350000000, "주문수": 178000, "고객수": 158000, "객단가": 52528, "취소율": 0.8, "반품율": 2.6, "평균배송일": 0.0, "NPS": 71},
  {"채널": "오프라인 매장", "월": "2023-03", "매출": 9650000000, "주문수": 182000, "고객수": 162000, "객단가": 53022, "취소율": 0.8, "반품율": 2.5, "평균배송일": 0.0, "NPS": 72},
  {"채널": "오프라인 매장", "월": "2023-04", "매출": 10250000000, "주문수": 192000, "고객수": 172000, "객단가": 53385, "취소율": 0.7, "반품율": 2.4, "평균배송일": 0.0, "NPS": 73},
  {"채널": "오프라인 매장", "월": "2023-05", "매출": 10850000000, "주문수": 202000, "고객수": 180000, "객단가": 53713, "취소율": 0.7, "반품율": 2.3, "평균배송일": 0.0, "NPS": 74},
  {"채널": "오프라인 매장", "월": "2023-06", "매출": 11350000000, "주문수": 210000, "고객수": 188000, "객단가": 54048, "취소율": 0.7, "반품율": 2.2, "평균배송일": 0.0, "NPS": 75},
  {"채널": "오프라인 매장", "월": "2023-07", "매출": 11950000000, "주문수": 220000, "고객수": 198000, "객단가": 54318, "취소율": 0.6, "반품율": 2.1, "평균배송일": 0.0, "NPS": 76},
  {"채널": "오프라인 매장", "월": "2023-08", "매출": 12450000000, "주문수": 228000, "고객수": 205000, "객단가": 54605, "취소율": 0.6, "반품율": 2.0, "평균배송일": 0.0, "NPS": 77},
  {"채널": "오프라인 매장", "월": "2023-09", "매출": 12850000000, "주문수": 235000, "고객수": 210000, "객단가": 54681, "취소율": 0.6, "반품율": 1.9, "평균배송일": 0.0, "NPS": 78},
  {"채널": "오프라인 매장", "월": "2023-10", "매출": 13450000000, "주문수": 245000, "고객수": 220000, "객단가": 54898, "취소율": 0.5, "반품율": 1.8, "평균배송일": 0.0, "NPS": 79},
  {"채널": "오프라인 매장", "월": "2023-11", "매출": 14350000000, "주문수": 260000, "고객수": 232000, "객단가": 55192, "취소율": 0.5, "반품율": 1.7, "평균배송일": 0.0, "NPS": 80},
  {"채널": "오프라인 매장", "월": "2023-12", "매출": 17850000000, "주문수": 320000, "고객수": 285000, "객단가": 55781, "취소율": 0.5, "반품율": 1.6, "평균배송일": 0.0, "NPS": 81},
  {"채널": "오프라인 매장", "월": "2024-01", "매출": 14050000000, "주문수": 253000, "고객수": 227000, "객단가": 55534, "취소율": 0.4, "반품율": 1.5, "평균배송일": 0.0, "NPS": 82},
  {"채널": "모바일 앱", "월": "2023-01", "매출": 15850000000, "주문수": 425000, "고객수": 350000, "객단가": 37294, "취소율": 4.5, "반품율": 6.8, "평균배송일": 2.5, "NPS": 65},
  {"채널": "모바일 앱", "월": "2023-02", "매출": 15250000000, "주문수": 410000, "고객수": 340000, "객단가": 37195, "취소율": 4.6, "반품율": 6.9, "평균배송일": 2.5, "NPS": 64},
  {"채널": "모바일 앱", "월": "2023-03", "매출": 15550000000, "주문수": 418000, "고객수": 345000, "객단가": 37201, "취소율": 4.5, "반품율": 6.7, "평균배송일": 2.4, "NPS": 65},
  {"채널": "모바일 앱", "월": "2023-04", "매출": 16450000000, "주문수": 442000, "고객수": 365000, "객단가": 37217, "취소율": 4.4, "반품율": 6.6, "평균배송일": 2.4, "NPS": 66},
  {"채널": "모바일 앱", "월": "2023-05", "매출": 17350000000, "주문수": 465000, "고객수": 385000, "객단가": 37312, "취소율": 4.3, "반품율": 6.5, "평균배송일": 2.3, "NPS": 67},
  {"채널": "모바일 앱", "월": "2023-06", "매출": 18250000000, "주문수": 490000, "고객수": 405000, "객단가": 37245, "취소율": 4.2, "반품율": 6.4, "평균배송일": 2.3, "NPS": 68},
  {"채널": "모바일 앱", "월": "2023-07", "매출": 19150000000, "주문수": 515000, "고객수": 425000, "객단가": 37184, "취소율": 4.1, "반품율": 6.3, "평균배송일": 2.2, "NPS": 69},
  {"채널": "모바일 앱", "월": "2023-08", "매출": 19950000000, "주문수": 535000, "고객수": 440000, "객단가": 37290, "취소율": 4.0, "반품율": 6.2, "평균배송일": 2.2, "NPS": 70},
  {"채널": "모바일 앱", "월": "2023-09", "매출": 20850000000, "주문수": 560000, "고객수": 460000, "객단가": 37232, "취소율": 3.9, "반품율": 6.1, "평균배송일": 2.1, "NPS": 71},
  {"채널": "모바일 앱", "월": "2023-10", "매출": 21950000000, "주문수": 590000, "고객수": 485000, "객단가": 37203, "취소율": 3.8, "반품율": 6.0, "평균배송일": 2.1, "NPS": 72},
  {"채널": "모바일 앱", "월": "2023-11", "매출": 23450000000, "주문수": 630000, "고객수": 515000, "객단가": 37222, "취소율": 3.7, "반품율": 5.9, "평균배송일": 2.0, "NPS": 73},
  {"채널": "모바일 앱", "월": "2023-12", "매출": 27850000000, "주문수": 745000, "고객수": 610000, "객단가": 37383, "취소율": 3.6, "반품율": 5.8, "평균배송일": 2.0, "NPS": 74},
  {"채널": "모바일 앱", "월": "2024-01", "매출": 24250000000, "주문수": 650000, "고객수": 530000, "객단가": 37308, "취소율": 3.5, "반품율": 5.7, "평균배송일": 1.9, "NPS": 75},
  {"채널": "오픈마켓", "월": "2023-01", "매출": 8250000000, "주문수": 248000, "고객수": 195000, "객단가": 33266, "취소율": 5.8, "반품율": 8.5, "평균배송일": 3.2, "NPS": 60},
  {"채널": "오픈마켓", "월": "2023-02", "매출": 7950000000, "주문수": 240000, "고객수": 188000, "객단가": 33125, "취소율": 5.9, "반품율": 8.6, "평균배송일": 3.3, "NPS": 59},
  {"채널": "오픈마켓", "월": "2023-03", "매출": 8050000000, "주문수": 242000, "고객수": 190000, "객단가": 33264, "취소율": 5.8, "반품율": 8.4, "평균배송일": 3.2, "NPS": 60},
  {"채널": "오픈마켓", "월": "2023-04", "매출": 8550000000, "주문수": 255000, "고객수": 200000, "객단가": 33529, "취소율": 5.7, "반품율": 8.3, "평균배송일": 3.1, "NPS": 61},
  {"채널": "오픈마켓", "월": "2023-05", "매출": 8950000000, "주문수": 265000, "고객수": 208000, "객단가": 33774, "취소율": 5.6, "반품율": 8.2, "평균배송일": 3.1, "NPS": 62}
]',
current_timestamp, current_timestamp);


-- 리포트 8: 재고 현황 리포트
INSERT INTO report_data (report_id, headers, data, created_date, updated_date)
VALUES
(8, 
'["제품ID", "제품명", "카테고리", "월", "시작재고", "입고", "출고", "폐기", "반품", "월말재고", "회전율", "재고일수", "적정재고여부", "안전재고"]',
'[
  {"제품ID": "SKU001", "제품명": "스마트폰 A", "카테고리": "전자기기", "월": "2023-01", "시작재고": 8500, "입고": 12000, "출고": 10500, "폐기": 50, "반품": 120, "월말재고": 10070, "회전율": 1.04, "재고일수": 28.8, "적정재고여부": "적정", "안전재고": 3500},
  {"제품ID": "SKU001", "제품명": "스마트폰 A", "카테고리": "전자기기", "월": "2023-02", "시작재고": 10070, "입고": 9000, "출고": 9800, "폐기": 45, "반품": 110, "월말재고": 9335, "회전율": 1.05, "재고일수": 28.6, "적정재고여부": "적정", "안전재고": 3500},
  {"제품ID": "SKU001", "제품명": "스마트폰 A", "카테고리": "전자기기", "월": "2023-03", "시작재고": 9335, "입고": 10000, "출고": 10200, "폐기": 55, "반품": 115, "월말재고": 9195, "회전율": 1.11, "재고일수": 27.0, "적정재고여부": "적정", "안전재고": 3500},
  {"제품ID": "SKU001", "제품명": "스마트폰 A", "카테고리": "전자기기", "월": "2023-04", "시작재고": 9195, "입고": 11000, "출고": 10800, "폐기": 60, "반품": 125, "월말재고": 9460, "회전율": 1.14, "재고일수": 26.3, "적정재고여부": "적정", "안전재고": 3500},
  {"제품ID": "SKU001", "제품명": "스마트폰 A", "카테고리": "전자기기", "월": "2023-05", "시작재고": 9460, "입고": 12000, "출고": 11200, "폐기": 65, "반품": 130, "월말재고": 10325, "회전율": 1.08, "재고일수": 27.6, "적정재고여부": "적정", "안전재고": 3500},
  {"제품ID": "SKU001", "제품명": "스마트폰 A", "카테고리": "전자기기", "월": "2023-06", "시작재고": 10325, "입고": 10500, "출고": 11500, "폐기": 70, "반품": 135, "월말재고": 9390, "회전율": 1.22, "재고일수": 24.5, "적정재고여부": "적정", "안전재고": 3500},
  {"제품ID": "SKU001", "제품명": "스마트폰 A", "카테고리": "전자기기", "월": "2023-07", "시작재고": 9390, "입고": 11500, "출고": 11800, "폐기": 75, "반품": 140, "월말재고": 9155, "회전율": 1.29, "재고일수": 23.3, "적정재고여부": "적정", "안전재고": 3500},
  {"제품ID": "SKU001", "제품명": "스마트폰 A", "카테고리": "전자기기", "월": "2023-08", "시작재고": 9155, "입고": 12000, "출고": 12000, "폐기": 80, "반품": 145, "월말재고": 9220, "회전율": 1.30, "재고일수": 23.1, "적정재고여부": "적정", "안전재고": 3500},
  {"제품ID": "SKU001", "제품명": "스마트폰 A", "카테고리": "전자기기", "월": "2023-09", "시작재고": 9220, "입고": 12500, "출고": 12200, "폐기": 85, "반품": 150, "월말재고": 9585, "회전율": 1.27, "재고일수": 23.6, "적정재고여부": "적정", "안전재고": 3500},
  {"제품ID": "SKU001", "제품명": "스마트폰 A", "카테고리": "전자기기", "월": "2023-10", "시작재고": 9585, "입고": 13000, "출고": 12500, "폐기": 90, "반품": 155, "월말재고": 10150, "회전율": 1.23, "재고일수": 24.4, "적정재고여부": "적정", "안전재고": 3500},
  {"제품ID": "SKU001", "제품명": "스마트폰 A", "카테고리": "전자기기", "월": "2023-11", "시작재고": 10150, "입고": 14000, "출고": 13500, "폐기": 95, "반품": 160, "월말재고": 10715, "회전율": 1.26, "재고일수": 23.8, "적정재고여부": "적정", "안전재고": 3500},
  {"제품ID": "SKU001", "제품명": "스마트폰 A", "카테고리": "전자기기", "월": "2023-12", "시작재고": 10715, "입고": 15000, "출고": 15500, "폐기": 100, "반품": 165, "월말재고": 10280, "회전율": 1.51, "재고일수": 19.9, "적정재고여부": "적정", "안전재고": 3500},
  {"제품ID": "SKU001", "제품명": "스마트폰 A", "카테고리": "전자기기", "월": "2024-01", "시작재고": 10280, "입고": 13000, "출고": 12800, "폐기": 90, "반품": 155, "월말재고": 10545, "회전율": 1.21, "재고일수": 24.7, "적정재고여부": "적정", "안전재고": 3500},
  {"제품ID": "SKU002", "제품명": "스마트폰 B", "카테고리": "전자기기", "월": "2023-01", "시작재고": 6200, "입고": 9000, "출고": 8800, "폐기": 40, "반품": 100, "월말재고": 6460, "회전율": 1.36, "재고일수": 22.0, "적정재고여부": "적정", "안전재고": 3000},
  {"제품ID": "SKU002", "제품명": "스마트폰 B", "카테고리": "전자기기", "월": "2023-02", "시작재고": 6460, "입고": 9500, "출고": 9200, "폐기": 45, "반품": 105, "월말재고": 6820, "회전율": 1.35, "재고일수": 22.2, "적정재고여부": "적정", "안전재고": 3000}
]',
current_timestamp, current_timestamp);

-- report_data 테이블 데이터 - 리포트 9: 가격 민감도 분석
INSERT INTO report_data (report_id, headers, data, created_date, updated_date)
VALUES
(9, 
'["제품ID", "제품명", "카테고리", "월", "정가", "할인률", "판매가", "판매수량", "매출", "가격탄력성", "한계가격", "최적가격"]',
'[
  {"제품ID": "P001", "제품명": "스마트폰 A", "카테고리": "전자기기", "월": "2023-01", "정가": 1200000, "할인률": 5.0, "판매가": 1140000, "판매수량": 12500, "매출": 14250000000, "가격탄력성": 1.35, "한계가격": 950000, "최적가격": 1050000},
  {"제품ID": "P001", "제품명": "스마트폰 A", "카테고리": "전자기기", "월": "2023-02", "정가": 1200000, "할인률": 8.0, "판매가": 1104000, "판매수량": 13200, "매출": 14572800000, "가격탄력성": 1.38, "한계가격": 950000, "최적가격": 1050000},
  {"제품ID": "P001", "제품명": "스마트폰 A", "카테고리": "전자기기", "월": "2023-03", "정가": 1200000, "할인률": 10.0, "판매가": 1080000, "판매수량": 13800, "매출": 14904000000, "가격탄력성": 1.40, "한계가격": 950000, "최적가격": 1050000},
  {"제품ID": "P001", "제품명": "스마트폰 A", "카테고리": "전자기기", "월": "2023-04", "정가": 1200000, "할인률": 7.0, "판매가": 1116000, "판매수량": 13000, "매출": 14508000000, "가격탄력성": 1.37, "한계가격": 950000, "최적가격": 1050000},
  {"제품ID": "P001", "제품명": "스마트폰 A", "카테고리": "전자기기", "월": "2023-05", "정가": 1200000, "할인률": 5.0, "판매가": 1140000, "판매수량": 12600, "매출": 14364000000, "가격탄력성": 1.35, "한계가격": 950000, "최적가격": 1050000},
  {"제품ID": "P001", "제품명": "스마트폰 A", "카테고리": "전자기기", "월": "2023-06", "정가": 1200000, "할인률": 12.0, "판매가": 1056000, "판매수량": 14200, "매출": 14995200000, "가격탄력성": 1.42, "한계가격": 950000, "최적가격": 1050000},
  {"제품ID": "P001", "제품명": "스마트폰 A", "카테고리": "전자기기", "월": "2023-07", "정가": 1200000, "할인률": 15.0, "판매가": 1020000, "판매수량": 14800, "매출": 15096000000, "가격탄력성": 1.45, "한계가격": 950000, "최적가격": 1050000},
  {"제품ID": "P001", "제품명": "스마트폰 A", "카테고리": "전자기기", "월": "2023-08", "정가": 1200000, "할인률": 17.0, "판매가": 996000, "판매수량": 15300, "매출": 15238800000, "가격탄력성": 1.48, "한계가격": 950000, "최적가격": 1050000},
  {"제품ID": "P001", "제품명": "스마트폰 A", "카테고리": "전자기기", "월": "2023-09", "정가": 1200000, "할인률": 10.0, "판매가": 1080000, "판매수량": 13900, "매출": 15012000000, "가격탄력성": 1.40, "한계가격": 950000, "최적가격": 1050000},
  {"제품ID": "P001", "제품명": "스마트폰 A", "카테고리": "전자기기", "월": "2023-10", "정가": 1200000, "할인률": 8.0, "판매가": 1104000, "판매수량": 13300, "매출": 14683200000, "가격탄력성": 1.38, "한계가격": 950000, "최적가격": 1050000},
  {"제품ID": "P001", "제품명": "스마트폰 A", "카테고리": "전자기기", "월": "2023-11", "정가": 1200000, "할인률": 15.0, "판매가": 1020000, "판매수량": 14900, "매출": 15198000000, "가격탄력성": 1.45, "한계가격": 950000, "최적가격": 1050000},
  {"제품ID": "P001", "제품명": "스마트폰 A", "카테고리": "전자기기", "월": "2023-12", "정가": 1200000, "할인률": 20.0, "판매가": 960000, "판매수량": 16500, "매출": 15840000000, "가격탄력성": 1.52, "한계가격": 950000, "최적가격": 1050000},
  {"제품ID": "P001", "제품명": "스마트폰 A", "카테고리": "전자기기", "월": "2024-01", "정가": 1200000, "할인률": 10.0, "판매가": 1080000, "판매수량": 14000, "매출": 15120000000, "가격탄력성": 1.40, "한계가격": 950000, "최적가격": 1050000},
  {"제품ID": "P002", "제품명": "스마트폰 B", "카테고리": "전자기기", "월": "2023-01", "정가": 800000, "할인률": 5.0, "판매가": 760000, "판매수량": 8900, "매출": 6764000000, "가격탄력성": 1.28, "한계가격": 620000, "최적가격": 700000},
  {"제품ID": "P002", "제품명": "스마트폰 B", "카테고리": "전자기기", "월": "2023-02", "정가": 800000, "할인률": 8.0, "판매가": 736000, "판매수량": 9300, "매출": 6844800000, "가격탄력성": 1.30, "한계가격": 620000, "최적가격": 700000}
]',
current_timestamp, current_timestamp);

-- 리포트 10: 계절별 트렌드 분석
INSERT INTO report_data (report_id, headers, data, created_date, updated_date)
VALUES
(10, 
'["시즌", "연도", "분기", "카테고리", "매출", "판매량", "객단가", "YoY성장률", "시즌기여도", "프로모션효과"]',
'[
  {"시즌": "봄", "연도": "2022", "분기": "Q1", "카테고리": "의류", "매출": 12500000000, "판매량": 425000, "객단가": 29412, "YoY성장률": 0, "시즌기여도": 22.5, "프로모션효과": 0.85},
  {"시즌": "봄", "연도": "2022", "분기": "Q1", "카테고리": "신발", "매출": 6350000000, "판매량": 125000, "객단가": 50800, "YoY성장률": 0, "시즌기여도": 18.2, "프로모션효과": 0.82},
  {"시즌": "봄", "연도": "2022", "분기": "Q1", "카테고리": "가전", "매출": 9850000000, "판매량": 95000, "객단가": 103684, "YoY성장률": 0, "시즌기여도": 16.8, "프로모션효과": 0.78},
  {"시즌": "봄", "연도": "2022", "분기": "Q1", "카테고리": "가구", "매출": 7250000000, "판매량": 48000, "객단가": 151042, "YoY성장률": 0, "시즌기여도": 20.5, "프로모션효과": 0.75},
  {"시즌": "봄", "연도": "2022", "분기": "Q1", "카테고리": "화장품", "매출": 5850000000, "판매량": 320000, "객단가": 18281, "YoY성장률": 0, "시즌기여도": 24.2, "프로모션효과": 0.88},
  {"시즌": "여름", "연도": "2022", "분기": "Q2", "카테고리": "의류", "매출": 14200000000, "판매량": 520000, "객단가": 27308, "YoY성장률": 0, "시즌기여도": 25.6, "프로모션효과": 0.92},
  {"시즌": "여름", "연도": "2022", "분기": "Q2", "카테고리": "신발", "매출": 7550000000, "판매량": 145000, "객단가": 52069, "YoY성장률": 0, "시즌기여도": 21.6, "프로모션효과": 0.88},
  {"시즌": "여름", "연도": "2022", "분기": "Q2", "카테고리": "가전", "매출": 12850000000, "판매량": 118000, "객단가": 108898, "YoY성장률": 0, "시즌기여도": 21.9, "프로모션효과": 0.85},
  {"시즌": "여름", "연도": "2022", "분기": "Q2", "카테고리": "가구", "매출": 6250000000, "판매량": 42000, "객단가": 148810, "YoY성장률": 0, "시즌기여도": 17.7, "프로모션효과": 0.72},
  {"시즌": "여름", "연도": "2022", "분기": "Q2", "카테고리": "화장품", "매출": 6350000000, "판매량": 355000, "객단가": 17887, "YoY성장률": 0, "시즌기여도": 26.3, "프로모션효과": 0.93},
  {"시즌": "가을", "연도": "2022", "분기": "Q3", "카테고리": "의류", "매출": 13850000000, "판매량": 485000, "객단가": 28557, "YoY성장률": 0, "시즌기여도": 25.0, "프로모션효과": 0.9},
  {"시즌": "가을", "연도": "2022", "분기": "Q3", "카테고리": "신발", "매출": 7250000000, "판매량": 140000, "객단가": 51786, "YoY성장률": 0, "시즌기여도": 20.8, "프로모션효과": 0.86},
  {"시즌": "가을", "연도": "2022", "분기": "Q3", "카테고리": "가전", "매출": 11750000000, "판매량": 110000, "객단가": 106818, "YoY성장률": 0, "시즌기여도": 20.1, "프로모션효과": 0.82},
  {"시즌": "가을", "연도": "2022", "분기": "Q3", "카테고리": "가구", "매출": 7750000000, "판매량": 52000, "객단가": 149038, "YoY성장률": 0, "시즌기여도": 21.9, "프로모션효과": 0.78},
  {"시즌": "가을", "연도": "2022", "분기": "Q3", "카테고리": "화장품", "매출": 5950000000, "판매량": 335000, "객단가": 17761, "YoY성장률": 0, "시즌기여도": 24.6, "프로모션효과": 0.89},
  {"시즌": "겨울", "연도": "2022", "분기": "Q4", "카테고리": "의류", "매출": 14850000000, "판매량": 480000, "객단가": 30938, "YoY성장률": 0, "시즌기여도": 26.8, "프로모션효과": 0.95},
  {"시즌": "겨울", "연도": "2022", "분기": "Q4", "카테고리": "신발", "매출": 8250000000, "판매량": 155000, "객단가": 53226, "YoY성장률": 0, "시즌기여도": 23.6, "프로모션효과": 0.9},
  {"시즌": "겨울", "연도": "2022", "분기": "Q4", "카테고리": "가전", "매출": 15250000000, "판매량": 138000, "객단가": 110507, "YoY성장률": 0, "시즌기여도": 26.0, "프로모션효과": 0.88},
  {"시즌": "겨울", "연도": "2022", "분기": "Q4", "카테고리": "가구", "매출": 8850000000, "판매량": 58000, "객단가": 152586, "YoY성장률": 0, "시즌기여도": 25.0, "프로모션효과": 0.82},
  {"시즌": "겨울", "연도": "2022", "분기": "Q4", "카테고리": "화장품", "매출": 6550000000, "판매량": 345000, "객단가": 18986, "YoY성장률": 0, "시즌기여도": 27.1, "프로모션효과": 0.94}
]',
current_timestamp, current_timestamp);

-- 리포트 11: 경쟁사 비교 분석
INSERT INTO report_data (report_id, headers, data, created_date, updated_date)
VALUES
(11, 
'["분기", "경쟁사", "카테고리", "시장점유율", "가격지수", "제품수", "신제품수", "고객만족도", "재구매율", "프로모션빈도", "홍보비용"]',
'[
  {"분기": "2023-Q1", "경쟁사": "우리회사", "카테고리": "스마트폰", "시장점유율": 28.5, "가격지수": 100, "제품수": 15, "신제품수": 2, "고객만족도": 8.5, "재구매율": 65.3, "프로모션빈도": 12, "홍보비용": 15000000000},
  {"분기": "2023-Q1", "경쟁사": "A사", "카테고리": "스마트폰", "시장점유율": 32.8, "가격지수": 105, "제품수": 18, "신제품수": 3, "고객만족도": 8.3, "재구매율": 63.8, "프로모션빈도": 15, "홍보비용": 18500000000},
  {"분기": "2023-Q1", "경쟁사": "B사", "카테고리": "스마트폰", "시장점유율": 21.5, "가격지수": 92, "제품수": 12, "신제품수": 1, "고객만족도": 8.1, "재구매율": 61.5, "프로모션빈도": 10, "홍보비용": 12000000000},
  {"분기": "2023-Q1", "경쟁사": "C사", "카테고리": "스마트폰", "시장점유율": 12.2, "가격지수": 85, "제품수": 8, "신제품수": 1, "고객만족도": 7.8, "재구매율": 58.2, "프로모션빈도": 8, "홍보비용": 8500000000},
  {"분기": "2023-Q1", "경쟁사": "우리회사", "카테고리": "태블릿", "시장점유율": 22.5, "가격지수": 100, "제품수": 8, "신제품수": 1, "고객만족도": 8.3, "재구매율": 62.5, "프로모션빈도": 8, "홍보비용": 9500000000},
  {"분기": "2023-Q1", "경쟁사": "A사", "카테고리": "태블릿", "시장점유율": 35.2, "가격지수": 108, "제품수": 12, "신제품수": 2, "고객만족도": 8.6, "재구매율": 65.2, "프로모션빈도": 12, "홍보비용": 15000000000},
  {"분기": "2023-Q1", "경쟁사": "B사", "카테고리": "태블릿", "시장점유율": 18.5, "가격지수": 95, "제품수": 7, "신제품수": 1, "고객만족도": 8.0, "재구매율": 60.8, "프로모션빈도": 7, "홍보비용": 8000000000},
  {"분기": "2023-Q1", "경쟁사": "C사", "카테고리": "태블릿", "시장점유율": 15.8, "가격지수": 90, "제품수": 6, "신제품수": 0, "고객만족도": 7.8, "재구매율": 59.5, "프로모션빈도": 6, "홍보비용": 7000000000},
  {"분기": "2023-Q1", "경쟁사": "우리회사", "카테고리": "노트북", "시장점유율": 18.5, "가격지수": 100, "제품수": 12, "신제품수": 2, "고객만족도": 8.2, "재구매율": 61.5, "프로모션빈도": 8, "홍보비용": 10000000000},
  {"분기": "2023-Q1", "경쟁사": "A사", "카테고리": "노트북", "시장점유율": 25.8, "가격지수": 110, "제품수": 15, "신제품수": 3, "고객만족도": 8.5, "재구매율": 63.8, "프로모션빈도": 12, "홍보비용": 14500000000},
  {"분기": "2023-Q1", "경쟁사": "B사", "카테고리": "노트북", "시장점유율": 28.2, "가격지수": 105, "제품수": 18, "신제품수": 3, "고객만족도": 8.4, "재구매율": 62.5, "프로모션빈도": 15, "홍보비용": 16000000000},
  {"분기": "2023-Q1", "경쟁사": "C사", "카테고리": "노트북", "시장점유율": 15.5, "가격지수": 92, "제품수": 10, "신제품수": 1, "고객만족도": 7.9, "재구매율": 59.2, "프로모션빈도": 7, "홍보비용": 9000000000},
  {"분기": "2023-Q2", "경쟁사": "우리회사", "카테고리": "스마트폰", "시장점유율": 29.2, "가격지수": 100, "제품수": 16, "신제품수": 1, "고객만족도": 8.6, "재구매율": 66.0, "프로모션빈도": 14, "홍보비용": 16000000000},
  {"분기": "2023-Q2", "경쟁사": "A사", "카테고리": "스마트폰", "시장점유율": 32.0, "가격지수": 103, "제품수": 19, "신제품수": 1, "고객만족도": 8.3, "재구매율": 64.2, "프로모션빈도": 13, "홍보비용": 17500000000},
  {"분기": "2023-Q2", "경쟁사": "B사", "카테고리": "스마트폰", "시장점유율": 22.0, "가격지수": 92, "제품수": 12, "신제품수": 0, "고객만족도": 8.2, "재구매율": 62.0, "프로모션빈도": 11, "홍보비용": 12500000000},
  {"분기": "2023-Q2", "경쟁사": "C사", "카테고리": "스마트폰", "시장점유율": 12.8, "가격지수": 85, "제품수": 9, "신제품수": 1, "고객만족도": 7.9, "재구매율": 59.0, "프로모션빈도": 9, "홍보비용": 9000000000},
  {"분기": "2023-Q2", "경쟁사": "우리회사", "카테고리": "태블릿", "시장점유율": 23.8, "가격지수": 100, "제품수": 9, "신제품수": 1, "고객만족도": 8.4, "재구매율": 63.0, "프로모션빈도": 9, "홍보비용": 10000000000},
  {"분기": "2023-Q2", "경쟁사": "A사", "카테고리": "태블릿", "시장점유율": 34.5, "가격지수": 107, "제품수": 12, "신제품수": 0, "고객만족도": 8.5, "재구매율": 65.0, "프로모션빈도": 10, "홍보비용": 14000000000},
  {"분기": "2023-Q2", "경쟁사": "B사", "카테고리": "태블릿", "시장점유율": 19.2, "가격지수": 95, "제품수": 8, "신제품수": 1, "고객만족도": 8.1, "재구매율": 61.2, "프로모션빈도": 8, "홍보비용": 8500000000},
  {"분기": "2023-Q2", "경쟁사": "C사", "카테고리": "태블릿", "시장점유율": 16.5, "가격지수": 90, "제품수": 6, "신제품수": 0, "고객만족도": 7.9, "재구매율": 60.0, "프로모션빈도": 7, "홍보비용": 7500000000}
]',
current_timestamp, current_timestamp);

-- 리포트 12: 고객 이탈 분석
INSERT INTO report_data (report_id, headers, data, created_date, updated_date)
VALUES
(12, 
'["분기", "고객세그먼트", "이탈률", "평균활동기간", "마지막구매후경과일", "장바구니포기율", "평균AOV하락", "이탈원인", "이탈위험군", "재활성화률", "LTV감소액"]',
'[
  {"분기": "2023-Q1", "고객세그먼트": "VIP", "이탈률": 2.5, "평균활동기간": 850, "마지막구매후경과일": 45, "장바구니포기율": 15.2, "평균AOV하락": 5.3, "이탈원인": "경쟁사전환", "이탈위험군": 3.8, "재활성화률": 62.5, "LTV감소액": 8500000},
  {"분기": "2023-Q1", "고객세그먼트": "골드", "이탈률": 4.8, "평균활동기간": 620, "마지막구매후경과일": 65, "장바구니포기율": 22.5, "평균AOV하락": 8.5, "이탈원인": "경쟁사전환", "이탈위험군": 7.2, "재활성화률": 48.5, "LTV감소액": 4200000},
  {"분기": "2023-Q1", "고객세그먼트": "실버", "이탈률": 8.5, "평균활동기간": 450, "마지막구매후경과일": 85, "장바구니포기율": 28.2, "평균AOV하락": 12.3, "이탈원인": "불만족", "이탈위험군": 12.5, "재활성화률": 35.8, "LTV감소액": 1850000},
  {"분기": "2023-Q1", "고객세그먼트": "브론즈", "이탈률": 15.2, "평균활동기간": 280, "마지막구매후경과일": 120, "장바구니포기율": 35.6, "평균AOV하락": 15.8, "이탈원인": "불만족", "이탈위험군": 21.5, "재활성화률": 22.5, "LTV감소액": 850000},
  {"분기": "2023-Q1", "고객세그먼트": "신규", "이탈률": 38.5, "평균활동기간": 85, "마지막구매후경과일": 75, "장바구니포기율": 48.2, "평균AOV하락": 0, "이탈원인": "관심부족", "이탈위험군": 45.2, "재활성화률": 12.5, "LTV감소액": 450000},
  {"분기": "2023-Q2", "고객세그먼트": "VIP", "이탈률": 2.3, "평균활동기간": 865, "마지막구매후경과일": 42, "장바구니포기율": 14.8, "평균AOV하락": 4.9, "이탈원인": "경쟁사전환", "이탈위험군": 3.5, "재활성화률": 64.2, "LTV감소액": 8650000},
  {"분기": "2023-Q2", "고객세그먼트": "골드", "이탈률": 4.5, "평균활동기간": 635, "마지막구매후경과일": 60, "장바구니포기율": 21.8, "평균AOV하락": 7.9, "이탈원인": "경쟁사전환", "이탈위험군": 6.8, "재활성화률": 50.2, "LTV감소액": 4350000},
  {"분기": "2023-Q2", "고객세그먼트": "실버", "이탈률": 8.2, "평균활동기간": 465, "마지막구매후경과일": 82, "장바구니포기율": 27.5, "평균AOV하락": 11.8, "이탈원인": "불만족", "이탈위험군": 12.0, "재활성화률": 37.2, "LTV감소액": 1950000},
  {"분기": "2023-Q2", "고객세그먼트": "브론즈", "이탈률": 14.8, "평균활동기간": 290, "마지막구매후경과일": 115, "장바구니포기율": 34.5, "평균AOV하락": 15.2, "이탈원인": "불만족", "이탈위험군": 20.5, "재활성화률": 23.8, "LTV감소액": 920000},
  {"분기": "2023-Q2", "고객세그먼트": "신규", "이탈률": 36.8, "평균활동기간": 90, "마지막구매후경과일": 72, "장바구니포기율": 46.5, "평균AOV하락": 0, "이탈원인": "관심부족", "이탈위험군": 43.5, "재활성화률": 13.8, "LTV감소액": 480000},
  {"분기": "2023-Q3", "고객세그먼트": "VIP", "이탈률": 2.2, "평균활동기간": 880, "마지막구매후경과일": 40, "장바구니포기율": 14.5, "평균AOV하락": 4.5, "이탈원인": "경쟁사전환", "이탈위험군": 3.2, "재활성화률": 65.8, "LTV감소액": 8800000},
  {"분기": "2023-Q3", "고객세그먼트": "골드", "이탈률": 4.2, "평균활동기간": 650, "마지막구매후경과일": 58, "장바구니포기율": 21.2, "평균AOV하락": 7.5, "이탈원인": "경쟁사전환", "이탈위험군": 6.5, "재활성화률": 52.0, "LTV감소액": 4500000},
  {"분기": "2023-Q3", "고객세그먼트": "실버", "이탈률": 7.8, "평균활동기간": 480, "마지막구매후경과일": 78, "장바구니포기율": 26.8, "평균AOV하락": 11.2, "이탈원인": "불만족", "이탈위험군": 11.5, "재활성화률": 38.5, "LTV감소액": 2050000},
  {"분기": "2023-Q3", "고객세그먼트": "브론즈", "이탈률": 14.2, "평균활동기간": 305, "마지막구매후경과일": 110, "장바구니포기율": 33.5, "평균AOV하락": 14.5, "이탈원인": "불만족", "이탈위험군": 19.8, "재활성화률": 25.2, "LTV감소액": 980000},
  {"분기": "2023-Q3", "고객세그먼트": "신규", "이탈률": 35.2, "평균활동기간": 95, "마지막구매후경과일": 68, "장바구니포기율": 45.0, "평균AOV하락": 0, "이탈원인": "관심부족", "이탈위험군": 42.0, "재활성화률": 15.0, "LTV감소액": 520000},
  {"분기": "2023-Q4", "고객세그먼트": "VIP", "이탈률": 2.0, "평균활동기간": 895, "마지막구매후경과일": 38, "장바구니포기율": 14.0, "평균AOV하락": 4.2, "이탈원인": "경쟁사전환", "이탈위험군": 3.0, "재활성화률": 67.5, "LTV감소액": 9000000},
  {"분기": "2023-Q4", "고객세그먼트": "골드", "이탈률": 3.9, "평균활동기간": 670, "마지막구매후경과일": 55, "장바구니포기율": 20.5, "평균AOV하락": 7.2, "이탈원인": "경쟁사전환", "이탈위험군": 6.2, "재활성화률": 53.8, "LTV감소액": 4700000},
  {"분기": "2023-Q4", "고객세그먼트": "실버", "이탈률": 7.5, "평균활동기간": 495, "마지막구매후경과일": 75, "장바구니포기율": 26.0, "평균AOV하락": 10.8, "이탈원인": "불만족", "이탈위험군": 11.0, "재활성화률": 40.0, "LTV감소액": 2150000},
  {"분기": "2023-Q4", "고객세그먼트": "브론즈", "이탈률": 13.8, "평균활동기간": 320, "마지막구매후경과일": 105, "장바구니포기율": 32.5, "평균AOV하락": 13.8, "이탈원인": "불만족", "이탈위험군": 19.0, "재활성화률": 26.5, "LTV감소액": 1050000},
  {"분기": "2023-Q4", "고객세그먼트": "신규", "이탈률": 33.5, "평균활동기간": 105, "마지막구매후경과일": 65, "장바구니포기율": 43.5, "평균AOV하락": 0, "이탈원인": "관심부족", "이탈위험군": 40.2, "재활성화률": 16.2, "LTV감소액": 580000}
]',
current_timestamp, current_timestamp);

-- 리포트 13: 신규 고객 획득 분석
INSERT INTO report_data (report_id, headers, data, created_date, updated_date)
VALUES
(13, 
'["분기", "획득채널", "신규고객수", "CAC", "전환율", "초기구매액", "첫해구매빈도", "첫해LTV", "ROI", "휴면전환률", "재방문률"]',
'[
  {"분기": "2023-Q1", "획득채널": "검색광고", "신규고객수": 28500, "CAC": 25000, "전환율": 3.2, "초기구매액": 85000, "첫해구매빈도": 2.8, "첫해LTV": 238000, "ROI": 9.52, "휴면전환률": 35.2, "재방문률": 58.5},
  {"분기": "2023-Q1", "획득채널": "소셜미디어", "신규고객수": 32800, "CAC": 22000, "전환율": 2.8, "초기구매액": 72000, "첫해구매빈도": 2.5, "첫해LTV": 180000, "ROI": 8.18, "휴면전환률": 38.5, "재방문률": 52.8},
  {"분기": "2023-Q1", "획득채널": "제휴마케팅", "신규고객수": 18500, "CAC": 18000, "전환율": 5.2, "초기구매액": 95000, "첫해구매빈도": 3.2, "첫해LTV": 304000, "ROI": 16.89, "휴면전환률": 28.5, "재방문률": 65.2},
  {"분기": "2023-Q1", "획득채널": "이메일", "신규고객수": 12500, "CAC": 8500, "전환율": 6.8, "초기구매액": 92000, "첫해구매빈도": 3.5, "첫해LTV": 322000, "ROI": 37.88, "휴면전환률": 25.2, "재방문률": 68.5},
  {"분기": "2023-Q1", "획득채널": "오프라인", "신규고객수": 9850, "CAC": 35000, "전환율": 12.5, "초기구매액": 125000, "첫해구매빈도": 4.2, "첫해LTV": 525000, "ROI": 15.00, "휴면전환률": 22.5, "재방문률": 72.5},
  {"분기": "2023-Q2", "획득채널": "검색광고", "신규고객수": 30200, "CAC": 26500, "전환율": 3.3, "초기구매액": 88000, "첫해구매빈도": 2.9, "첫해LTV": 255200, "ROI": 9.63, "휴면전환률": 34.5, "재방문률": 59.2},
  {"분기": "2023-Q2", "획득채널": "소셜미디어", "신규고객수": 35500, "CAC": 23500, "전환율": 2.9, "초기구매액": 75000, "첫해구매빈도": 2.6, "첫해LTV": 195000, "ROI": 8.30, "휴면전환률": 37.8, "재방문률": 53.5},
  {"분기": "2023-Q2", "획득채널": "제휴마케팅", "신규고객수": 19800, "CAC": 19200, "전환율": 5.4, "초기구매액": 98000, "첫해구매빈도": 3.3, "첫해LTV": 323400, "ROI": 16.84, "휴면전환률": 27.5, "재방문률": 66.0},
  {"분기": "2023-Q2", "획득채널": "이메일", "신규고객수": 13800, "CAC": 9000, "전환율": 7.0, "초기구매액": 95000, "첫해구매빈도": 3.6, "첫해LTV": 342000, "ROI": 38.00, "휴면전환률": 24.5, "재방문률": 69.2},
  {"분기": "2023-Q2", "획득채널": "오프라인", "신규고객수": 10500, "CAC": 36500, "전환율": 12.8, "초기구매액": 128000, "첫해구매빈도": 4.3, "첫해LTV": 550400, "ROI": 15.08, "휴면전환률": 21.8, "재방문률": 73.2},
  {"분기": "2023-Q3", "획득채널": "검색광고", "신규고객수": 32500, "CAC": 27500, "전환율": 3.4, "초기구매액": 90000, "첫해구매빈도": 3.0, "첫해LTV": 270000, "ROI": 9.82, "휴면전환률": 33.8, "재방문률": 60.0},
  {"분기": "2023-Q3", "획득채널": "소셜미디어", "신규고객수": 38200, "CAC": 24500, "전환율": 3.0, "초기구매액": 78000, "첫해구매빈도": 2.7, "첫해LTV": 210600, "ROI": 8.60, "휴면전환률": 37.0, "재방문률": 54.2},
  {"분기": "2023-Q3", "획득채널": "제휴마케팅", "신규고객수": 21200, "CAC": 20000, "전환율": 5.6, "초기구매액": 102000, "첫해구매빈도": 3.4, "첫해LTV": 346800, "ROI": 17.34, "휴면전환률": 26.8, "재방문률": 66.8},
  {"분기": "2023-Q3", "획득채널": "이메일", "신규고객수": 15200, "CAC": 9500, "전환율": 7.2, "초기구매액": 98000, "첫해구매빈도": 3.7, "첫해LTV": 362600, "ROI": 38.17, "휴면전환률": 23.8, "재방문률": 70.0},
  {"분기": "2023-Q3", "획득채널": "오프라인", "신규고객수": 11200, "CAC": 38000, "전환율": 13.0, "초기구매액": 130000, "첫해구매빈도": 4.4, "첫해LTV": 572000, "ROI": 15.05, "휴면전환률": 21.0, "재방문률": 74.0},
  {"분기": "2023-Q4", "획득채널": "검색광고", "신규고객수": 35800, "CAC": 29000, "전환율": 3.5, "초기구매액": 92000, "첫해구매빈도": 3.1, "첫해LTV": 285200, "ROI": 9.83, "휴면전환률": 33.0, "재방문률": 60.8},
  {"분기": "2023-Q4", "획득채널": "소셜미디어", "신규고객수": 42500, "CAC": 25500, "전환율": 3.1, "초기구매액": 80000, "첫해구매빈도": 2.8, "첫해LTV": 224000, "ROI": 8.78, "휴면전환률": 36.2, "재방문률": 55.0},
  {"분기": "2023-Q4", "획득채널": "제휴마케팅", "신규고객수": 23500, "CAC": 21000, "전환율": 5.8, "초기구매액": 105000, "첫해구매빈도": 3.5, "첫해LTV": 367500, "ROI": 17.50, "휴면전환률": 26.0, "재방문률": 67.5},
  {"분기": "2023-Q4", "획득채널": "이메일", "신규고객수": 16800, "CAC": 10000, "전환율": 7.5, "초기구매액": 100000, "첫해구매빈도": 3.8, "첫해LTV": 380000, "ROI": 38.00, "휴면전환률": 23.0, "재방문률": 70.8},
  {"분기": "2023-Q4", "획득채널": "오프라인", "신규고객수": 12500, "CAC": 40000, "전환율": 13.5, "초기구매액": 135000, "첫해구매빈도": 4.5, "첫해LTV": 607500, "ROI": 15.19, "휴면전환률": 20.5, "재방문률": 75.0}
]',
current_timestamp, current_timestamp);

-- 리포트 14: 제품 카테고리 성과 분석
INSERT INTO report_data (report_id, headers, data, created_date, updated_date)
VALUES
(14, 
'["분기", "카테고리", "매출", "판매량", "객단가", "마진율", "재고회전율", "시장점유율", "성장률", "반품률", "신제품기여도"]',
'[
  {"분기": "2023-Q1", "카테고리": "스마트폰", "매출": 28500000000, "판매량": 28500, "객단가": 1000000, "마진율": 28.5, "재고회전율": 8.5, "시장점유율": 22.5, "성장률": 8.2, "반품률": 2.5, "신제품기여도": 35.2},
  {"분기": "2023-Q1", "카테고리": "태블릿", "매출": 12500000000, "판매량": 18500, "객단가": 675676, "마진율": 32.5, "재고회전율": 6.2, "시장점유율": 18.5, "성장률": 7.5, "반품률": 2.8, "신제품기여도": 28.5},
  {"분기": "2023-Q1", "카테고리": "노트북", "매출": 18250000000, "판매량": 11250, "객단가": 1622222, "마진율": 25.8, "재고회전율": 4.8, "시장점유율": 15.2, "성장률": 6.8, "반품률": 1.8, "신제품기여도": 22.5},
  {"분기": "2023-Q1", "카테고리": "웨어러블", "매출": 8750000000, "판매량": 125000, "객단가": 70000, "마진율": 38.5, "재고회전율": 12.5, "시장점유율": 28.5, "성장률": 15.8, "반품률": 3.2, "신제품기여도": 42.5},
  {"분기": "2023-Q1", "카테고리": "오디오", "매출": 6850000000, "판매량": 185000, "객단가": 37027, "마진율": 42.5, "재고회전율": 15.2, "시장점유율": 32.5, "성장률": 18.5, "반품률": 3.8, "신제품기여도": 45.8},
  {"분기": "2023-Q2", "카테고리": "스마트폰", "매출": 30250000000, "판매량": 29500, "객단가": 1025424, "마진율": 29.0, "재고회전율": 8.8, "시장점유율": 23.0, "성장률": 6.1, "반품률": 2.4, "신제품기여도": 32.5},
  {"분기": "2023-Q2", "카테고리": "태블릿", "매출": 13500000000, "판매량": 19800, "객단가": 681818, "마진율": 33.0, "재고회전율": 6.5, "시장점유율": 19.2, "성장률": 8.0, "반품률": 2.7, "신제품기여도": 26.8},
  {"분기": "2023-Q2", "카테고리": "노트북", "매출": 19750000000, "판매량": 12000, "객단가": 1645833, "마진율": 26.2, "재고회전율": 5.0, "시장점유율": 15.8, "성장률": 8.2, "반품률": 1.7, "신제품기여도": 24.5},
  {"분기": "2023-Q2", "카테고리": "웨어러블", "매출": 9550000000, "판매량": 135000, "객단가": 70741, "마진율": 39.0, "재고회전율": 13.0, "시장점유율": 29.2, "성장률": 9.1, "반품률": 3.1, "신제품기여도": 38.5},
  {"분기": "2023-Q2", "카테고리": "오디오", "매출": 7350000000, "판매량": 198000, "객단가": 37121, "마진율": 43.0, "재고회전율": 15.8, "시장점유율": 33.0, "성장률": 7.3, "반품률": 3.7, "신제품기여도": 40.2},
  {"분기": "2023-Q3", "카테고리": "스마트폰", "매출": 32850000000, "판매량": 31200, "객단가": 1053205, "마진율": 29.5, "재고회전율": 9.2, "시장점유율": 23.8, "성장률": 8.6, "반품률": 2.3, "신제품기여도": 38.5},
  {"분기": "2023-Q3", "카테고리": "태블릿", "매출": 14850000000, "판매량": 21500, "객단가": 690698, "마진율": 33.5, "재고회전율": 6.8, "시장점유율": 20.0, "성장률": 10.0, "반품률": 2.6, "신제품기여도": 32.5},
  {"분기": "2023-Q3", "카테고리": "노트북", "매출": 21500000000, "판매량": 12850, "객단가": 1673152, "마진율": 26.8, "재고회전율": 5.3, "시장점유율": 16.5, "성장률": 8.9, "반품률": 1.6, "신제품기여도": 28.5},
  {"분기": "2023-Q3", "카테고리": "웨어러블", "매출": 10450000000, "판매량": 145000, "객단가": 72069, "마진율": 39.5, "재고회전율": 13.5, "시장점유율": 30.0, "성장률": 9.4, "반품률": 3.0, "신제품기여도": 42.5},
  {"분기": "2023-Q3", "카테고리": "오디오", "매출": 7950000000, "판매량": 212000, "객단가": 37500, "마진율": 43.5, "재고회전율": 16.5, "시장점유율": 33.8, "성장률": 8.2, "반품률": 3.6, "신제품기여도": 43.8},
  {"분기": "2023-Q4", "카테고리": "스마트폰", "매출": 38500000000, "판매량": 35000, "객단가": 1100000, "마진율": 30.0, "재고회전율": 9.8, "시장점유율": 24.5, "성장률": 17.2, "반품률": 2.2, "신제품기여도": 45.2},
  {"분기": "2023-Q4", "카테고리": "태블릿", "매출": 17250000000, "판매량": 24500, "객단가": 704082, "마진율": 34.0, "재고회전율": 7.2, "시장점유율": 21.0, "성장률": 16.2, "반품률": 2.5, "신제품기여도": 38.5},
  {"분기": "2023-Q4", "카테고리": "노트북", "매출": 25850000000, "판매량": 15200, "객단가": 1700658, "마진율": 27.5, "재고회전율": 5.8, "시장점유율": 17.2, "성장률": 20.2, "반품률": 1.5, "신제품기여도": 35.8},
  {"분기": "2023-Q4", "카테고리": "웨어러블", "매출": 12850000000, "판매량": 175000, "객단가": 73429, "마진율": 40.0, "재고회전율": 14.2, "시장점유율": 31.0, "성장률": 23.0, "반품률": 2.9, "신제품기여도": 48.5},
  {"분기": "2023-Q4", "카테고리": "오디오", "매출": 9550000000, "판매량": 250000, "객단가": 38200, "마진율": 44.0, "재고회전율": 17.5, "시장점유율": 34.5, "성장률": 20.1, "반품률": 3.5, "신제품기여도": 50.2}
]',
current_timestamp, current_timestamp);

-- 리포트 15: 온라인 트래픽 분석
INSERT INTO report_data (report_id, headers, data, created_date, updated_date)
VALUES
(15, 
'["월", "트래픽소스", "방문자수", "신규방문자", "재방문자", "이탈률", "평균체류시간", "페이지뷰", "전환율", "매출기여도", "디바이스"]',
'[
  {"월": "2023-01", "트래픽소스": "자연검색", "방문자수": 850000, "신규방문자": 595000, "재방문자": 255000, "이탈률": 35.2, "평균체류시간": 285, "페이지뷰": 4.8, "전환율": 3.2, "매출기여도": 28.5, "디바이스": "데스크톱"},
  {"월": "2023-01", "트래픽소스": "자연검색", "방문자수": 1250000, "신규방문자": 875000, "재방문자": 375000, "이탈률": 42.5, "평균체류시간": 220, "페이지뷰": 3.5, "전환율": 2.5, "매출기여도": 22.5, "디바이스": "모바일"},
  {"월": "2023-01", "트래픽소스": "검색광고", "방문자수": 650000, "신규방문자": 520000, "재방문자": 130000, "이탈률": 38.5, "평균체류시간": 250, "페이지뷰": 4.2, "전환율": 4.5, "매출기여도": 32.5, "디바이스": "데스크톱"},
  {"월": "2023-01", "트래픽소스": "검색광고", "방문자수": 850000, "신규방문자": 680000, "재방문자": 170000, "이탈률": 45.2, "평균체류시간": 190, "페이지뷰": 3.2, "전환율": 3.8, "매출기여도": 28.5, "디바이스": "모바일"},
  {"월": "2023-01", "트래픽소스": "소셜미디어", "방문자수": 450000, "신규방문자": 360000, "재방문자": 90000, "이탈률": 48.5, "평균체류시간": 180, "페이지뷰": 2.8, "전환율": 2.2, "매출기여도": 12.5, "디바이스": "데스크톱"},
  {"월": "2023-01", "트래픽소스": "소셜미디어", "방문자수": 950000, "신규방문자": 760000, "재방문자": 190000, "이탈률": 52.8, "평균체류시간": 150, "페이지뷰": 2.3, "전환율": 1.8, "매출기여도": 18.5, "디바이스": "모바일"},
  {"월": "2023-01", "트래픽소스": "이메일", "방문자수": 250000, "신규방문자": 125000, "재방문자": 125000, "이탈률": 28.5, "평균체류시간": 320, "페이지뷰": 5.5, "전환율": 5.8, "매출기여도": 15.2, "디바이스": "데스크톱"},
  {"월": "2023-01", "트래픽소스": "이메일", "방문자수": 350000, "신규방문자": 175000, "재방문자": 175000, "이탈률": 35.2, "평균체류시간": 280, "페이지뷰": 4.8, "전환율": 5.2, "매출기여도": 18.5, "디바이스": "모바일"},
  {"월": "2023-01", "트래픽소스": "직접접속", "방문자수": 350000, "신규방문자": 105000, "재방문자": 245000, "이탈률": 25.2, "평균체류시간": 380, "페이지뷰": 6.5, "전환율": 7.5, "매출기여도": 22.5, "디바이스": "데스크톱"},
  {"월": "2023-01", "트래픽소스": "직접접속", "방문자수": 550000, "신규방문자": 165000, "재방문자": 385000, "이탈률": 32.5, "평균체류시간": 330, "페이지뷰": 5.8, "전환율": 6.8, "매출기여도": 28.5, "디바이스": "모바일"},
  {"월": "2023-02", "트래픽소스": "자연검색", "방문자수": 880000, "신규방문자": 615000, "재방문자": 265000, "이탈률": 34.8, "평균체류시간": 290, "페이지뷰": 4.9, "전환율": 3.3, "매출기여도": 29.0, "디바이스": "데스크톱"},
  {"월": "2023-02", "트래픽소스": "자연검색", "방문자수": 1300000, "신규방문자": 910000, "재방문자": 390000, "이탈률": 42.0, "평균체류시간": 225, "페이지뷰": 3.6, "전환율": 2.6, "매출기여도": 23.0, "디바이스": "모바일"},
  {"월": "2023-02", "트래픽소스": "검색광고", "방문자수": 680000, "신규방문자": 545000, "재방문자": 135000, "이탈률": 38.0, "평균체류시간": 255, "페이지뷰": 4.3, "전환율": 4.6, "매출기여도": 33.0, "디바이스": "데스크톱"},
  {"월": "2023-02", "트래픽소스": "검색광고", "방문자수": 890000, "신규방문자": 710000, "재방문자": 180000, "이탈률": 44.8, "평균체류시간": 195, "페이지뷰": 3.3, "전환율": 3.9, "매출기여도": 29.0, "디바이스": "모바일"},
  {"월": "2023-02", "트래픽소스": "소셜미디어", "방문자수": 480000, "신규방문자": 385000, "재방문자": 95000, "이탈률": 48.0, "평균체류시간": 185, "페이지뷰": 2.9, "전환율": 2.3, "매출기여도": 13.0, "디바이스": "데스크톱"},
  {"월": "2023-02", "트래픽소스": "소셜미디어", "방문자수": 1000000, "신규방문자": 800000, "재방문자": 200000, "이탈률": 52.2, "평균체류시간": 155, "페이지뷰": 2.4, "전환율": 1.9, "매출기여도": 19.0, "디바이스": "모바일"},
  {"월": "2023-02", "트래픽소스": "이메일", "방문자수": 265000, "신규방문자": 130000, "재방문자": 135000, "이탈률": 28.0, "평균체류시간": 325, "페이지뷰": 5.6, "전환율": 5.9, "매출기여도": 15.8, "디바이스": "데스크톱"},
  {"월": "2023-02", "트래픽소스": "이메일", "방문자수": 370000, "신규방문자": 185000, "재방문자": 185000, "이탈률": 34.8, "평균체류시간": 285, "페이지뷰": 4.9, "전환율": 5.3, "매출기여도": 19.0, "디바이스": "모바일"},
  {"월": "2023-02", "트래픽소스": "직접접속", "방문자수": 370000, "신규방문자": 110000, "재방문자": 260000, "이탈률": 24.8, "평균체류시간": 385, "페이지뷰": 6.6, "전환율": 7.6, "매출기여도": 23.0, "디바이스": "데스크톱"},
  {"월": "2023-02", "트래픽소스": "직접접속", "방문자수": 580000, "신규방문자": 175000, "재방문자": 405000, "이탈률": 32.0, "평균체류시간": 335, "페이지뷰": 5.9, "전환율": 6.9, "매출기여도": 29.0, "디바이스": "모바일"}
]',
current_timestamp, current_timestamp);

-- 리포트 16~20도 동일한 패턴으로 추가
INSERT INTO report_data (report_id, headers, data, created_date, updated_date)
VALUES
(16, 
'["월", "플랫폼", "팔로워수", "게시물수", "좋아요", "댓글", "공유", "클릭률", "전환율", "ROI", "광고비용"]',
'[
  {"월": "2023-01", "플랫폼": "Instagram", "팔로워수": 850000, "게시물수": 45, "좋아요": 1250000, "댓글": 125000, "공유": 85000, "클릭률": 2.8, "전환율": 1.2, "ROI": 350, "광고비용": 25000000},
  {"월": "2023-01", "플랫폼": "Facebook", "팔로워수": 1250000, "게시물수": 35, "좋아요": 950000, "댓글": 85000, "공유": 125000, "클릭률": 2.2, "전환율": 0.9, "ROI": 320, "광고비용": 22000000},
  {"월": "2023-01", "플랫폼": "Twitter", "팔로워수": 650000, "게시물수": 120, "좋아요": 750000, "댓글": 65000, "공유": 225000, "클릭률": 1.8, "전환율": 0.7, "ROI": 280, "광고비용": 15000000},
  {"월": "2023-01", "플랫폼": "YouTube", "팔로워수": 450000, "게시물수": 12, "좋아요": 850000, "댓글": 95000, "공유": 35000, "클릭률": 3.2, "전환율": 1.5, "ROI": 420, "광고비용": 28000000},
  {"월": "2023-01", "플랫폼": "TikTok", "팔로워수": 750000, "게시물수": 85, "좋아요": 3250000, "댓글": 185000, "공유": 450000, "클릭률": 3.5, "전환율": 1.2, "ROI": 380, "광고비용": 20000000},
  {"월": "2023-02", "플랫폼": "Instagram", "팔로워수": 890000, "게시물수": 48, "좋아요": 1350000, "댓글": 135000, "공유": 92000, "클릭률": 2.9, "전환율": 1.3, "ROI": 360, "광고비용": 26000000},
  {"월": "2023-02", "플랫폼": "Facebook", "팔로워수": 1280000, "게시물수": 38, "좋아요": 980000, "댓글": 88000, "공유": 130000, "클릭률": 2.3, "전환율": 1.0, "ROI": 330, "광고비용": 23000000},
  {"월": "2023-02", "플랫폼": "Twitter", "팔로워수": 680000, "게시물수": 125, "좋아요": 780000, "댓글": 68000, "공유": 235000, "클릭률": 1.9, "전환율": 0.8, "ROI": 290, "광고비용": 16000000},
  {"월": "2023-02", "플랫폼": "YouTube", "팔로워수": 480000, "게시물수": 14, "좋아요": 920000, "댓글": 105000, "공유": 42000, "클릭률": 3.3, "전환율": 1.6, "ROI": 430, "광고비용": 29000000},
  {"월": "2023-02", "플랫폼": "TikTok", "팔로워수": 820000, "게시물수": 92, "좋아요": 3550000, "댓글": 205000, "공유": 480000, "클릭률": 3.6, "전환율": 1.3, "ROI": 390, "광고비용": 22000000},
  {"월": "2023-03", "플랫폼": "Instagram", "팔로워수": 940000, "게시물수": 52, "좋아요": 1450000, "댓글": 145000, "공유": 98000, "클릭률": 3.0, "전환율": 1.4, "ROI": 370, "광고비용": 27000000},
  {"월": "2023-03", "플랫폼": "Facebook", "팔로워수": 1310000, "게시물수": 40, "좋아요": 1020000, "댓글": 92000, "공유": 135000, "클릭률": 2.4, "전환율": 1.1, "ROI": 340, "광고비용": 24000000},
  {"월": "2023-03", "플랫폼": "Twitter", "팔로워수": 710000, "게시물수": 130, "좋아요": 810000, "댓글": 72000, "공유": 245000, "클릭률": 2.0, "전환율": 0.9, "ROI": 300, "광고비용": 17000000},
  {"월": "2023-03", "플랫폼": "YouTube", "팔로워수": 510000, "게시물수": 15, "좋아요": 980000, "댓글": 115000, "공유": 48000, "클릭률": 3.4, "전환율": 1.7, "ROI": 440, "광고비용": 30000000},
  {"월": "2023-03", "플랫폼": "TikTok", "팔로워수": 890000, "게시물수": 98, "좋아요": 3850000, "댓글": 225000, "공유": 510000, "클릭률": 3.7, "전환율": 1.4, "ROI": 400, "광고비용": 24000000}
]',
current_timestamp, current_timestamp);

-- 리포트 17: 모바일 앱 사용 분석
INSERT INTO report_data (report_id, headers, data, created_date, updated_date)
VALUES
(17, 
'["월", "플랫폼", "다운로드수", "활성사용자", "세션수", "세션시간", "전환율", "이탈률", "재방문율", "업데이트비율", "충돌률"]',
'[
  {"월": "2023-01", "플랫폼": "Android", "다운로드수": 125000, "활성사용자": 850000, "세션수": 8500000, "세션시간": 285, "전환율": 5.2, "이탈률": 32.5, "재방문율": 65.8, "업데이트비율": 78.5, "충돌률": 0.8},
  {"월": "2023-01", "플랫폼": "iOS", "다운로드수": 95000, "활성사용자": 650000, "세션수": 7200000, "세션시간": 320, "전환율": 6.5, "이탈률": 28.5, "재방문율": 72.5, "업데이트비율": 85.2, "충돌률": 0.5},
  {"월": "2023-02", "플랫폼": "Android", "다운로드수": 132000, "활성사용자": 880000, "세션수": 8800000, "세션시간": 290, "전환율": 5.3, "이탈률": 32.0, "재방문율": 66.2, "업데이트비율": 79.0, "충돌률": 0.7},
  {"월": "2023-02", "플랫폼": "iOS", "다운로드수": 102000, "활성사용자": 675000, "세션수": 7400000, "세션시간": 325, "전환율": 6.6, "이탈률": 28.0, "재방문율": 73.0, "업데이트비율": 85.8, "충돌률": 0.5},
  {"월": "2023-03", "플랫폼": "Android", "다운로드수": 138000, "활성사용자": 905000, "세션수": 9000000, "세션시간": 295, "전환율": 5.4, "이탈률": 31.5, "재방문율": 66.8, "업데이트비율": 79.8, "충돌률": 0.7},
  {"월": "2023-03", "플랫폼": "iOS", "다운로드수": 108000, "활성사용자": 695000, "세션수": 7600000, "세션시간": 330, "전환율": 6.7, "이탈률": 27.5, "재방문율": 73.5, "업데이트비율": 86.5, "충돌률": 0.4},
  {"월": "2023-04", "플랫폼": "Android", "다운로드수": 145000, "활성사용자": 935000, "세션수": 9300000, "세션시간": 300, "전환율": 5.5, "이탈률": 31.0, "재방문율": 67.5, "업데이트비율": 80.5, "충돌률": 0.6},
  {"월": "2023-04", "플랫폼": "iOS", "다운로드수": 115000, "활성사용자": 720000, "세션수": 7850000, "세션시간": 335, "전환율": 6.8, "이탈률": 27.0, "재방문율": 74.0, "업데이트비율": 87.2, "충돌률": 0.4},
  {"월": "2023-05", "플랫폼": "Android", "다운로드수": 152000, "활성사용자": 970000, "세션수": 9650000, "세션시간": 305, "전환율": 5.6, "이탈률": 30.5, "재방문율": 68.2, "업데이트비율": 81.2, "충돌률": 0.6},
  {"월": "2023-05", "플랫폼": "iOS", "다운로드수": 122000, "활성사용자": 745000, "세션수": 8100000, "세션시간": 340, "전환율": 6.9, "이탈률": 26.5, "재방문율": 74.5, "업데이트비율": 87.8, "충돌률": 0.3}
]',
current_timestamp, current_timestamp);

-- 리포트 18: 고객 생애 가치 분석
INSERT INTO report_data (report_id, headers, data, created_date, updated_date)
VALUES
(18, 
'["고객세그먼트", "획득채널", "초기구매액", "평생구매액", "구매빈도", "평균유지기간", "이탈확률", "재활성화율", "추천고객수", "프로모션반응률", "구매상승률"]',
'[
  {"고객세그먼트": "VIP", "획득채널": "검색광고", "초기구매액": 150000, "평생구매액": 8500000, "구매빈도": 4.8, "평균유지기간": 1825, "이탈확률": 0.15, "재활성화율": 0.65, "추천고객수": 3.5, "프로모션반응률": 0.48, "구매상승률": 0.12},
  {"고객세그먼트": "VIP", "획득채널": "소셜미디어", "초기구매액": 135000, "평생구매액": 7850000, "구매빈도": 4.5, "평균유지기간": 1750, "이탈확률": 0.18, "재활성화율": 0.62, "추천고객수": 3.2, "프로모션반응률": 0.45, "구매상승률": 0.11},
  {"고객세그먼트": "VIP", "획득채널": "제휴마케팅", "초기구매액": 165000, "평생구매액": 9250000, "구매빈도": 5.2, "평균유지기간": 1900, "이탈확률": 0.12, "재활성화율": 0.68, "추천고객수": 3.8, "프로모션반응률": 0.52, "구매상승률": 0.14},
  {"고객세그먼트": "골드", "획득채널": "검색광고", "초기구매액": 95000, "평생구매액": 3250000, "구매빈도": 3.2, "평균유지기간": 1350, "이탈확률": 0.25, "재활성화율": 0.52, "추천고객수": 2.2, "프로모션반응률": 0.38, "구매상승률": 0.08},
  {"고객세그먼트": "골드", "획득채널": "소셜미디어", "초기구매액": 85000, "평생구매액": 2950000, "구매빈도": 3.0, "평균유지기간": 1300, "이탈확률": 0.28, "재활성화율": 0.48, "추천고객수": 2.0, "프로모션반응률": 0.35, "구매상승률": 0.07},
  {"고객세그먼트": "골드", "획득채널": "제휴마케팅", "초기구매액": 105000, "평생구매액": 3650000, "구매빈도": 3.5, "평균유지기간": 1450, "이탈확률": 0.22, "재활성화율": 0.55, "추천고객수": 2.5, "프로모션반응률": 0.42, "구매상승률": 0.09},
  {"고객세그먼트": "실버", "획득채널": "검색광고", "초기구매액": 65000, "평생구매액": 1250000, "구매빈도": 2.2, "평균유지기간": 950, "이탈확률": 0.38, "재활성화율": 0.42, "추천고객수": 1.2, "프로모션반응률": 0.28, "구매상승률": 0.05},
  {"고객세그먼트": "실버", "획득채널": "소셜미디어", "초기구매액": 55000, "평생구매액": 1050000, "구매빈도": 2.0, "평균유지기간": 900, "이탈확률": 0.42, "재활성화율": 0.38, "추천고객수": 1.0, "프로모션반응률": 0.25, "구매상승률": 0.04},
  {"고객세그먼트": "실버", "획득채널": "제휴마케팅", "초기구매액": 75000, "평생구매액": 1450000, "구매빈도": 2.5, "평균유지기간": 1050, "이탈확률": 0.35, "재활성화율": 0.45, "추천고객수": 1.5, "프로모션반응률": 0.32, "구매상승률": 0.06},
  {"고객세그먼트": "브론즈", "획득채널": "검색광고", "초기구매액": 35000, "평생구매액": 450000, "구매빈도": 1.5, "평균유지기간": 650, "이탈확률": 0.52, "재활성화율": 0.32, "추천고객수": 0.5, "프로모션반응률": 0.18, "구매상승률": 0.03}
]',
current_timestamp, current_timestamp);

-- 리포트 19: 신제품 출시 성과 분석
INSERT INTO report_data (report_id, headers, data, created_date, updated_date)
VALUES
(19, 
'["제품ID", "제품명", "출시일", "카테고리", "첫달판매량", "3개월판매량", "초기가격", "현재가격", "초기재고", "재고회전율", "마진율"]',
'[
  {"제품ID": "NP001", "제품명": "스마트폰 X", "출시일": "2023-01-15", "카테고리": "전자기기", "첫달판매량": 15800, "3개월판매량": 58500, "초기가격": 1200000, "현재가격": 1150000, "초기재고": 25000, "재고회전율": 2.34, "마진율": 28.5},
  {"제품ID": "NP002", "제품명": "태블릿 프로", "출시일": "2023-02-22", "카테고리": "전자기기", "첫달판매량": 8500, "3개월판매량": 32500, "초기가격": 850000, "현재가격": 820000, "초기재고": 15000, "재고회전율": 2.17, "마진율": 32.5},
  {"제품ID": "NP003", "제품명": "노트북 울트라", "출시일": "2023-03-10", "카테고리": "전자기기", "첫달판매량": 5200, "3개월판매량": 22800, "초기가격": 1850000, "현재가격": 1800000, "초기재고": 8500, "재고회전율": 2.68, "마진율": 25.8},
  {"제품ID": "NP004", "제품명": "스마트워치 2", "출시일": "2023-04-05", "카테고리": "웨어러블", "첫달판매량": 12500, "3개월판매량": 42500, "초기가격": 350000, "현재가격": 330000, "초기재고": 18000, "재고회전율": 2.36, "마진율": 38.5},
  {"제품ID": "NP005", "제품명": "무선이어폰 프로", "출시일": "2023-05-18", "카테고리": "오디오", "첫달판매량": 18500, "3개월판매량": 65800, "초기가격": 250000, "현재가격": 240000, "초기재고": 28000, "재고회전율": 2.35, "마진율": 42.5},
  {"제품ID": "NP006", "제품명": "블루투스 스피커", "출시일": "2023-06-22", "카테고리": "오디오", "첫달판매량": 9500, "3개월판매량": 35200, "초기가격": 120000, "현재가격": 110000, "초기재고": 15000, "재고회전율": 2.35, "마진율": 45.8},
  {"제품ID": "NP007", "제품명": "게이밍 모니터", "출시일": "2023-07-08", "카테고리": "컴퓨터주변기기", "첫달판매량": 6800, "3개월판매량": 24500, "초기가격": 580000, "현재가격": 550000, "초기재고": 9500, "재고회전율": 2.58, "마진율": 32.8},
  {"제품ID": "NP008", "제품명": "스마트 냉장고", "출시일": "2023-08-15", "카테고리": "가전", "첫달판매량": 3500, "3개월판매량": 12800, "초기가격": 2500000, "현재가격": 2450000, "초기재고": 5000, "재고회전율": 2.56, "마진율": 28.5},
  {"제품ID": "NP009", "제품명": "로봇청소기 에코", "출시일": "2023-09-20", "카테고리": "가전", "첫달판매량": 7500, "3개월판매량": 25800, "초기가격": 650000, "현재가격": 620000, "초기재고": 12000, "재고회전율": 2.15, "마진율": 35.8},
  {"제품ID": "NP010", "제품명": "스마트TV 시리즈", "출시일": "2023-10-12", "카테고리": "가전", "첫달판매량": 5800, "3개월판매량": 15800, "초기가격": 1850000, "현재가격": 1800000, "초기재고": 8000, "재고회전율": 1.98, "마진율": 30.5}
]',
current_timestamp, current_timestamp);

-- 리포트 20: 고객 만족도 분석
INSERT INTO report_data (report_id, headers, data, created_date, updated_date)
VALUES
(20, 
'["조사기간", "고객세그먼트", "제품카테고리", "만족도점수", "NPS", "재구매의향", "추천의향", "고객서비스만족도", "배송만족도", "제품품질만족도", "가격만족도"]',
'[
  {"조사기간": "2023-Q1", "고객세그먼트": "VIP", "제품카테고리": "전자기기", "만족도점수": 8.8, "NPS": 72, "재구매의향": 85.2, "추천의향": 88.5, "고객서비스만족도": 9.2, "배송만족도": 8.5, "제품품질만족도": 9.0, "가격만족도": 7.8},
  {"조사기간": "2023-Q1", "고객세그먼트": "골드", "제품카테고리": "전자기기", "만족도점수": 8.2, "NPS": 65, "재구매의향": 78.5, "추천의향": 82.0, "고객서비스만족도": 8.5, "배송만족도": 8.0, "제품품질만족도": 8.5, "가격만족도": 7.2},
  {"조사기간": "2023-Q1", "고객세그먼트": "실버", "제품카테고리": "전자기기", "만족도점수": 7.5, "NPS": 55, "재구매의향": 68.2, "추천의향": 72.5, "고객서비스만족도": 7.8, "배송만족도": 7.5, "제품품질만족도": 7.8, "가격만족도": 6.5},
  {"조사기간": "2023-Q1", "고객세그먼트": "브론즈", "제품카테고리": "전자기기", "만족도점수": 6.8, "NPS": 42, "재구매의향": 58.5, "추천의향": 62.0, "고객서비스만족도": 7.0, "배송만족도": 6.8, "제품품질만족도": 7.2, "가격만족도": 5.8},
  {"조사기간": "2023-Q2", "고객세그먼트": "VIP", "제품카테고리": "전자기기", "만족도점수": 9.0, "NPS": 75, "재구매의향": 87.5, "추천의향": 90.2, "고객서비스만족도": 9.3, "배송만족도": 8.7, "제품품질만족도": 9.1, "가격만족도": 8.0},
  {"조사기간": "2023-Q2", "고객세그먼트": "골드", "제품카테고리": "전자기기", "만족도점수": 8.4, "NPS": 68, "재구매의향": 80.0, "추천의향": 83.5, "고객서비스만족도": 8.7, "배송만족도": 8.2, "제품품질만족도": 8.6, "가격만족도": 7.4},
  {"조사기간": "2023-Q2", "고객세그먼트": "실버", "제품카테고리": "전자기기", "만족도점수": 7.7, "NPS": 58, "재구매의향": 70.5, "추천의향": 74.0, "고객서비스만족도": 8.0, "배송만족도": 7.7, "제품품질만족도": 8.0, "가격만족도": 6.8},
  {"조사기간": "2023-Q2", "고객세그먼트": "브론즈", "제품카테고리": "전자기기", "만족도점수": 7.0, "NPS": 45, "재구매의향": 60.8, "추천의향": 64.5, "고객서비스만족도": 7.2, "배송만족도": 7.0, "제품품질만족도": 7.4, "가격만족도": 6.0},
  {"조사기간": "2023-Q3", "고객세그먼트": "VIP", "제품카테고리": "전자기기", "만족도점수": 9.2, "NPS": 78, "재구매의향": 89.8, "추천의향": 92.5, "고객서비스만족도": 9.5, "배송만족도": 8.9, "제품품질만족도": 9.3, "가격만족도": 8.2},
  {"조사기간": "2023-Q3", "고객세그먼트": "골드", "제품카테고리": "전자기기", "만족도점수": 8.6, "NPS": 70, "재구매의향": 82.5, "추천의향": 85.0, "고객서비스만족도": 8.9, "배송만족도": 8.4, "제품품질만족도": 8.8, "가격만족도": 7.6}
]',
current_timestamp, current_timestamp);

END $$;